3184 5132
392 509 441 606 98
592 507 815 578 VALERII
843 505 1066 594 MAXIMI,
1093 507 1188 574 Llss.
1216 507 1269 574 ll.

390 643 493 711 vatim
510 637 591 708 nihil
608 638 800 734 gerebatur,
817 639 878 708 nisi
895 638 1040 732 auspicio
1058 640 1150 732 prius
1165 651 1297 732 sumpto
1312 655 1404 731 :quo
1422 613 1465 706 ed

390 773 484 817 more
510 743 657 839 nuptiis¹
684 745 781 814 etiam
803 769 892 813 nunc
917 745 1066 838 auspices
1093 745 1377 840 interponuntur:
1401 746 1463 838 qui

390 853 540 948 quamvis
556 851 700 946 auspicia
715 864 827 945 petere
843 849 1016 938 desierint,
1029 851 1101 945 ipso
1118 863 1228 919 temen
1248 851 1383 918 nomine
1399 875 1460 918 ve-

389 959 468 1028 teris
489 956 735 1026 consuetudinis
755 957 892 1051 vestigia
913 971 1084 1050 usurpant.

445 1091 477 1134 2.
496 1065 638 1132 Feminae
653 1087 730 1132 cum
744 1063 822 1131 viris
836 1062 1032 1132 cubantibus
1045 1059 1217 1132 sedentes²
1232 1061 1458 1132 caenitsbnnt:

387 1195 460 1266 quae
478 1169 683 1239 consuetudo
696 1193 737 1236 ex
759 1169 930 1237 bominum
946 1169 1100 1238 convictu
1121 1168 1163 1236 nd
1175 1168 1286 1236 diviua
1302 1181 1460 1262 penetra-

389 1279 452 1364 vit3
471 1277 656 1346 nomionis
679 1273 777 1369 epulo
795 1275 865 1368 ipse
889 1277 923 1342 in
942 1272 1118 1362 lectulum,
1138 1277 1226 1344 Juno
1245 1287 1280 1343 et
1296 1274 1457 1342 Minerva

384 1384 421 1451 in
442 1381 556 1469 sellas,
576 1381 619 1450 nd
642 1405 764 1450 caenam
787 1365 997 1449 invitantur³.
1018 1379 1119 1470 Quod
1140 1404 1244 1475 genus
1266 1381 1457 1448 severitatis

385 1503 464 1558 aetes
477 1502 590 1558 nostra
606 1485 792 1582 diligentius
804 1488 838 1554 in
852 1485 1031 1580 Capitolio,
1045 1511 1144 1581 quam
1162 1489 1196 1554 in
1210 1487 1277 1556 suis
1293 1484 1456 1554 domibus

384 1609 520 1665 servat:
542 1579 717 1661 videlicet⁴
738 1592 814 1685 quia
836 1594 940 1686 magis
961 1593 1003 1661 ad
1026 1617 1096 1662 rem
1122 1594 1265 1687 pertinet
1286 1590 1456 1676 dearum,

383 1725 482 1796 quam
502 1697 692 1782 mulierum,
710 1695 882 1792 disciplina
902 1700 1072 1769 contineri.

438 1803 472 1876 3.
498 1805 582 1894 Quae
607 1789 693 1872 uno⁵
719 1817 882 1873 contentae
910 1805 1121 1874 matrimonio
1146 1803 1298 1892 suerent,
1320 1827 1453 1872 corona

381 2033 434 2088 qun
443 2025 519 2086 perte
527 2010 598 2065 mitti
609 2011 703 2076 vellen
718 2009 816 2082 quibus
828 2009 892 2062 mis·
935 2029 997 2064 rum
1016 2011 1094 2082 legati
1108 2031 1170 2064 eum
1184 2011 1318 2066 consulem
1330 2009 1451 2068 odirent.

381 2095 417 2148 sis
433 2093 561 2146 continuo
573 2109 620 2144 ren
635 2101 739 2143 creatus
753 2100 805 2154 est,
820 2102 847 2142 et
863 2089 891 2140 in
978 2089 1003 2143 3.
1028 2090 1075 2142 Ad
1092 2110 1182 2144 cannis
1203 2095 1339 2144 invitantur.
1361 2092 1451 2147 Grnvi

381 2191 492 2245 regnum
507 2182 637 2242 acceptus.
935 2168 1022 2235 meio,
1037 2187 1077 2221 ex.
1095 2189 1172 2224 censa
1187 2185 1273 2244 peste,
1294 2172 1451 2228 liborantes

426 2271 450 2304 1.
474 2251 581 2322 Nuptiis.
602 2246 667 2300 Erst
689 2245 784 2318 optimi
808 2265 892 2318 sugu-
935 2249 1144 2320 Romnniepulis
1161 2269 1181 2302 s.
1196 2251 1450 2307 lectisterniisDeos

382 2331 416 2384 rii
426 2327 625 2400 innuptieiibus
638 2325 750 2397 negotiis
761 2326 892 2398 ancipitris
934 2327 1037 2400 placere
1057 2327 1206 2383 studebant.
1216 2331 1313 2384 Tribus
1333 2344 1379 2384 snt
1397 2351 1449 2386 sex

382 2395 889 2480 agitbiffilteropedecleudimspeetbs.
934 2407 991 2460 Diis
1008 2409 1163 2482 Deahusque
1177 2411 1205 2462 in
1221 2409 1450 2484 Capitolio‚qno-

382 2486 454 2542 Vide
468 2487 538 2540 Plin.
553 2487 593 2548 X,
611 2489 637 2540 8.
652 2483 759 2556 Nuptiis
774 2485 891 2556 auspices
933 2506 994 2540 rum
1005 2487 1154 2546 simulacro.
1167 2502 1194 2542 et
1204 2488 1312 2560 quidem
1323 2491 1449 2546 Deorum

382 2564 890 2636 adhibebantur,qnsmvissequiorissro
933 2567 962 2619 in
977 2567 1079 2620 lectulis
1088 2587 1108 2621 s.
1118 2569 1314 2639 pulvinaribus,
1325 2571 1448 2625 Deorum
1560 2555 1561 2594 ss

382 2647 497 2720 suspicis
517 2662 572 2698 non
592 2643 703 2714 emplius
723 2655 890 2714 caperentur.
934 2647 962 2698 in
977 2646 1045 2699 sellis
1060 2647 1271 2712 conscribentur,
1288 2650 1447 2704 convivium

382 2723 454 2779 Vide
468 2725 554 2780 Cicer.
569 2719 603 2776 de
613 2722 730 2776 Divinet.
741 2721 778 2776 11.
787 2720 855 2776 Inde
864 2735 890 2776 et
932 2727 1123 2796 apponebatur.
1145 2729 1184 2780 Ea
1202 2729 1321 2782 convivis
1339 2743 1446 2802 septem

382 2817 532 2878 proxeneta
544 2815 572 2856 et
586 2803 702 2874 auspices
712 2803 829 2874 pronubi
842 2821 889 2874 sp·
932 2805 1058 2876 epulones
1078 2807 1253 2862 celebrobnnt.
1278 2809 1318 2861 De
1343 2811 1447 2882 quibus

382 2886 532 2958 pellantur,
549 2882 596 2956 qui
614 2882 769 2954 nuptiarum
784 2880 841 2948 die,
859 2894 890 2936 ut
932 2885 991 2938 Lir.
1007 2885 1043 2950 V,
1056 2897 1083 2938 et
1095 2888 1234 2959 Augustis.
1254 2886 1288 2942 de
1301 2889 1359 2943 Cir.
1379 2891 1445 2944 Dei.

382 2965 471 3020 omnis
487 2966 537 3019 rite
556 2961 665 3031 fierent,
684 2963 820 3016 cumbunt.
839 2963 890 3014 Ju·
974 2971 1002 3028 4.
1014 2965 1144 3026 Videlicet,
1159 2981 1209 3022 etc.
1221 2967 1311 3022 Ironis
1322 2967 1444 3026 ridetur.

381 3045 466 3099 renel.
479 3057 558 3114 satyr.
569 3041 610 3107 X;
626 3041 772 3096 Martianus
783 3041 889 3111 Capella
932 3075 972 3086 -
990 3045 1127 3116 Diseiois'na
1139 3051 1262 3100 contineri.
1276 3047 1338 3102 scit.
1356 3067 1445 3120 genus

382 3127 423 3188 Π,
437 3141 528 3177 rei-sm
540 3121 631 3175 finem.
932 3125 1093 3190 severitatis,
1103 3125 1176 3197 qnod
1187 3127 1310 3192 Vos-stim
1324 3141 1396 3183 osne
1405 3149 1442 3184 ex

424 3223 449 3258 2,
468 3203 589 3257 Sedentes.
609 3200 804 3271 Antiquissimis
822 3213 888 3254 tem·
931 3204 1113 3274 superioribus
1137 3206 1234 3278 repetit
1252 3205 1285 3260 sd
1304 3209 1441 3280 explicen-

380 3283 491 3356 poribus
503 3280 582 3335 etism
595 3279 647 3331 viri
657 3278 690 3331 sd
703 3297 820 3332 mensem
833 3298 889 3334 non
932 3281 993 3334 darn
1002 3285 1090 3338 Veler.
1100 3298 1223 3339 mentem.
1231 3287 1284 3340 Alii
1293 3289 1439 3343 meliusre·

290 3391 296 3399 ·
381 3363 526 3427 cubsbant,
535 3356 581 3412 sed
589 3355 727 3423 sedebant,
735 3371 764 3412 ut
770 3359 842 3412 Sem.
854 3357 889 3412 ed
932 3362 1022 3415 femnt
1031 3361 1065 3416 sd
1072 3363 1138 3417 Deos
1151 3379 1177 3419 et
1187 3365 1302 3420 mahta.
1308 3367 1440 3422 Nonnulli

381 3436 889 3514 Virg.AEn.V11,176,dooet‚qnimos
931 3440 1072 3512 legendum
1091 3458 1198 3498 censent
1212 3446 1360 3517 discpttaa
1380 3469 1439 3502 eon·

380 3539 394 3573 s
418 3521 522 3576 seminis
544 3513 707 3589 aliqnsmdin
722 3516 888 3572 verecundia
932 3525 1013 3574 teneri.

380 3618 458 3654 onusti
475 3611 593 3654 retentus
613 3597 679 3661 tuit,
704 3593 790 3650 donee
809 3598 888 3650 etism
973 3601 999 3654 5.
1012 3601 1075 3671 Qua
1088 3621 1147 3664 ιωο,
1161 3616 1210 3658 etc.
1224 3605 1286 3659 Non
1300 3605 1372 3678 opud
1382 3607 1440 3660 tto·

379 3697 442 3734 cum
454 3680 519 3732 viris
533 3678 721 3734 scmbnernnt.
730 3705 771 3718 -
782 3675 889 3729 Cerito·
930 3696 1023 3733 msnos
1045 3693 1164 3748 tsntnm,
1186 3683 1233 3738 sed
1252 3685 1315 3739 stibi
1330 3705 1442 3758 quoqne

380 3759 448 3813 bant.
458 3757 571 3828 Majores
580 3756 690 3828 pmndii's
700 3773 756 3808 non
766 3769 828 3808 sunt
837 3758 885 3810 usi.
930 3757 1029 3814 odiosa
1036 3765 1228 3817 erentsscimdoe
1236 3771 1333 3836 niptris.
1341 3765 1442 3820 Audin·

379 3838 458 3900 Sunt,
478 3838 525 3908 qui
543 3837 660 3908 primum
675 3835 791 3890 Marium
806 3853 886 3908 pren·
931 3857 1006 3904 mus,
1029 3841 1126 3912 quibus
1145 3845 1234 3897 verbis
1255 3843 1327 3898 Dido
1348 3846 1440 3918 iugem

379 3916 448 3972 disse
459 3915 550 3970 velint.
564 3915 617 3970 Sed
633 3920 686 3987 jem
697 3913 745 3969 din
758 3928 819 3969 ente
831 3916 887 3968 u·-
930 3921 1020 3972 AEnen
1031 3920 1198 3992 ingemetiib.
1207 3923 1438 3993 IV‚AEneid.Vid.

376 3995 744 4060 rinm‚AElinm'1'uberonem
755 3993 887 4068 prenden-
928 3996 1085 4071 Hieronymi
1104 4001 1180 4072 epist.
1201 4004 1240 4069 X,
1260 4004 1294 4057 ed
1316 4006 1438 4070 Furium

379 4073 685 4132 teminfictilibusreiert
692 4075 880 4140 Pliniumfin.
928 4077 1111 4150 chrysostomi
1122 4081 1214 4136 bornil.
1231 4103 1261 4150 s,
1273 4085 1302 4138 in
1313 4087 1391 4158 epist.
1402 4084 1440 4138 sd

378 4157 440 4212 Not.
450 4153 513 4210 libr·
529 4153 668 4221 mut,
684 4173 768 4226 quum
781 4155 882 4212 AEtolo·
926 4156 1034 4226 Titumt
1046 4161 1217 4216 etPintercb.
1230 4165 1318 4236 probi.
1335 4183 1383 4236 99.
