3190 5122
129 621 134 630 Ι
228 529 329 599 CAP.
357 527 427 612 VI,
449 528 514 596 DE
542 527 719 596 AMORE
747 527 1047 599 CONJUGALI.
1105 528 1180 628 309

122 663 255 730 navium
270 659 303 728 in
318 661 428 741 Asiam
448 659 638 744 reduceret,
656 663 901 754 Tarentumque
915 661 1109 756 appulisset,
1126 679 1180 734 at-

121 792 186 862 que
199 767 243 834 ibi
261 791 344 835 uxor
360 765 430 858 ejus
444 764 613 852 Orestilla,
624 790 697 860 quae
711 764 788 834 illuc
802 789 878 835 eum
893 784 1092 861 prosequuta
1108 765 1202 859 fise-,1-

121 887 189 961 rat,
202 872 320 941 morbo
333 895 444 966 pressa
461 871 665 953 decessisset,
674 872 824 940 funerata
838 897 891 958 ea,
903 887 1001 966 atque
1013 876 1045 942 in
1058 901 1178 969 rogum

120 979 272 1073 imposita
281 979 382 1066 ,inter
394 977 540 1046 ollicium
551 977 729 1071 unguendi¹
741 993 775 1047 et
783 975 951 1049 osculandi
964 983 1078 1050 stricto
1091 981 1179 1051 ferro

121 1085 291 1153 incubuit:
310 1108 410 1178 quem
431 1085 545 1170 amici,
563 1086 648 1152 sicut
668 1099 755 1171 erat,
775 1099 923 1179 togatum
947 1099 980 1152 et
996 1085 1177 1156 calceatum

120 1191 252 1286 corpori
279 1189 426 1285 conjugis
450 1190 650 1283 junxerunt,
671 1215 710 1259 ac
736 1189 853 1259 deinde
876 1191 1030 1282 subjectis
1052 1193 1177 1263 facibus

120 1309 297 1390 utrumque
321 1320 388 1364 una
415 1309 654 1365 cremaverunt.
682 1297 835 1384 Quorum
857 1297 901 1364 ibi
922 1297 1046 1366 facturn
1068 1297 1177 1392 sepul-

118 1425 213 1469 crum
227 1399 379 1470 Tarenti²
395 1404 585 1471 etiamnunc
601 1403 817 1495 conspicitur,
833 1402 923 1496 quod
935 1417 1075 1471 vocatur
1087 1407 1176 1472 ΤΩΝ

116 1507 392 1594 ΦΙΛΟΥΝΤΩΝ;
413 1532 475 1576 nec
497 1507 630 1594 dubito,
645 1508 742 1600 quin,
760 1510 787 1576 si
801 1509 875 1601 quis
891 1507 991 1576 modo
1010 1511 1176 1579 exstinctis

117 1637 231 1682 sensus
256 1614 359 1696 inest,
380 1612 530 1683 Plautius
547 1627 580 1682 et
602 1611 775 1699 Orestilla,
798 1613 855 1683 lati
883 1615 1092 1683 consortione
1119 1641 1174 1710 gc·

118 1719 250 1788 stientes
262 1717 373 1786 vultus
392 1719 533 1787 tenebris
551 1718 721 1788 intulerint
735 1745 742 1787 :
754 1743 832 1789 sane
846 1718 903 1787 ubi
921 1719 1006 1788 idem
1025 1735 1060 1789 et
1071 1723 1174 1790 maxi·

116 1849 192 1893 mus
213 1838 246 1892 et
268 1821 515 1893 honestissimus
535 1849 629 1895 amor
647 1840 713 1914 est,
730 1824 896 1919 aliquanto
915 1840 1048 1920 praestat
1066 1842 1174 1898 morte

112 1925 235 2024 jungit,
249 1953 348 2022 qnam
368 1932 435 1998 vita
455 1931 600 2002 distrahi
715 2000 726 2021 ,

172 2029 205 2120 ΙΙ.
230 2035 414 2104 Consimilis
433 2024 591 2108 allectus³
608 2037 717 2126 luliae,
737 2040 775 2108 C.
799 2039 936 2108 Caesaris
955 2039 1042 2128 filiae,
1064 2063 1172 2111 anno-

116 2154 205 2209 tatus
227 2155 296 2224 est3
320 2167 393 2236 quae
410 2131 533 2238 quum⁴
558 2143 695 2214 aedilitiis
724 2146 864 2214 comitiis
888 2148 1036 2240 Pompeii
1057 2147 1174 2242 Magni
1249 2206 1254 2218 .

114 2246 266 2340 conjugis
292 2250 342 2316 sui
359 2263 484 2318 vestem
509 2274 626 2319 cruore
648 2273 832 2344 respersam
853 2275 872 2319 e
889 2254 1017 2346 Campo
1034 2253 1172 2321 domum

114 2351 250 2422 relatam
267 2354 415 2442 vidisset,
437 2358 551 2424 territa
567 2371 677 2440 metu,
697 2349 739 2424 ne
758 2380 823 2450 qua
840 2359 869 2425 ei
888 2359 938 2426 vis
956 2372 1041 2426 esset
1057 2357 1171 2446 allata,

114 2459 274 2528 exanimis
285 2461 441 2548 concidit,
455 2476 669 2556 partumque,
681 2487 778 2556 quem
793 2477 887 2533 utero
899 2477 1096 2558 conceptum
1111 2464 1170 2532 ba-

113 2563 231 2652 bebat,
243 2567 351 2634 subita
363 2569 463 2635 animi
475 2570 738 2636 consternatione
751 2583 784 2636 et
794 2571 886 2663 gravi
896 2569 1010 2638 dolore
1020 2571 1171 2664 corporis

114 2671 232 2762 ejicere
253 2687 367 2741 coacta
394 2687 462 2762 est,
483 2688 582 2767 atque
602 2675 647 2742 ita
668 2675 870 2768 exspiravit:
894 2699 1015 2770 magno
1036 2676 1168 2768 quidem

113 2799 190 2844 cum
207 2779 305 2848 totius
321 2765 488 2848 terrarum
498 2780 587 2848 orbis
602 2778 799 2848 detrimento
806 2764 828 2868 ⁵,
842 2779 935 2873 cujus
950 2779 1168 2873 tranquillitas

114 2895 163 2951 tot
185 2883 328 2954 civilium
355 2884 516 2954 bellorum
543 2884 819 2955 truculentissimo
844 2885 955 2954 surore
977 2885 1171 2978 perturbata

155 3075 381 3145 1.1ntorofficium
398 3078 524 3148 unguendi.
541 3075 620 3149 Apud
661 3077 746 3129 mines
756 3074 856 3128 factiosi
867 3086 1053 3128 conseruerant
1063 3092 1173 3139 manus,
1227 3127 1230 3137 ,

112 3157 226 3225 majores
245 3155 403 3208 nobiliorum
419 3157 545 3209 cadavera
558 3175 619 3226 pre·
661 3168 688 3208 et
702 3153 824 3208 nonnulli
839 3154 908 3207 circa
920 3154 1073 3226 Pompeium
1089 3153 1168 3205 etiam

113 3233 188 3287 tiosis
209 3235 349 3304 unguentis
370 3226 579 3301 deliniebantur,
594 3248 621 3289 et
661 3232 823 3298 ceciderant3
836 3252 918 3305 quare
930 3251 1024 3287 cruore
1032 3231 1170 3303 adspersus

114 3315 142 3366 in
165 3313 236 3384 rogis
255 3314 337 3365 multa
356 3314 433 3366 simul
453 3325 567 3366 aromata
586 3313 620 3367 ad
661 3327 744 3367 vestes
753 3314 864 3367 mutavit
872 3313 1026 3384 Pompeius,
1038 3325 1064 3364 et
1077 3329 1170 3363 cruen-

113 3391 267 3464 pellendum
294 3393 413 3446 lotorem
437 3393 620 3445 cremabantur
662 3406 727 3446 tatas
742 3392 852 3446 domum
864 3393 995 3446 misit-
1010 3390 1109 3461 Campo.
1126 3389 1169 3442 Sic

114 3491 176 3525 cum
193 3471 358 3541 corporibus.
663 3481 719 3525 κατ’
733 3474 815 3540 ἐξοχὴν
831 3470 927 3525 dicitur
944 3490 1039 3540 campus
1054 3469 1169 3522 Martius.

155 3571 182 3603 a.
214 3553 320 3603 lbrenti.
354 3549 500 3604 Delendum
534 3563 621 3604 censet
662 3553 871 3623 -Parmmque..
892 3548 1166 3619 ejdemNonabigere,

114 3631 233 3702 Lipsius,
255 3631 317 3700 quie
335 3627 369 3684 de
387 3630 437 3683 hac
453 3632 519 3683 urbe
533 3631 621 3684 statim
663 3629 736 3702 quod
752 3632 850 3702 passim
863 3631 968 3700 legitur.
983 3628 1051 3680 Nam
1063 3627 1170 3696 abigitur

115 3723 175 3763 ante
184 3729 270 3763 sermo
283 3710 349 3776 fnit,
361 3721 387 3762 et
400 3709 433 3760 ibi
444 3707 564 3762 additum
572 3723 620 3762 ests
664 3723 754 3781 portus
767 3711 883 3769 corarulto,
898 3720 927 3760 ut
937 3707 1079 3779 plurimum
1089 3705 1171 3760 rnedi-

115 3791 149 3842 m
159 3802 246 3860 potest
260 3790 337 3855 ferri,
352 3790 376 3842 si
390 3807 480 3842 vocem
494 3789 528 3840 ibt
540 3789 621 3842 inter·
664 3789 806 3853 cernentis;
837 3791 930 3857 ι’]’ἱαὶηιν
952 3805 1016 3838 vero
1038 3788 1167 3848 violenter,

115 3870 225 3938 preteris
238 3867 272 3921 de
281 3888 313 3922 eo
325 3870 400 3933 loco,
412 3869 460 3921 ubi
469 3868 587 3920 Plautius
595 3881 622 3920 et
665 3866 737 3938 quod
751 3868 828 3920 Julian
844 3865 966 3920 eccidisse
980 3865 1150 3918 aitValerius.

73 3965 74 3968 ¹
116 3946 237 4000 Orestilla
250 3949 358 4001 cremati
373 3962 443 4000 sunt.
708 3947 732 3999 5.
747 3947 840 4015 Magno
849 3984 894 3999 .....
903 3943 1170 4003 demutabuntur

156 4027 184 4081 3.
195 4027 329 4080 Comimilis
338 4031 453 4097 affectus,
468 4039 517 4080 etc.
527 4027 577 4080 dn.
586 4013 622 4080 U.
664 4025 719 4078 lilia
729 4026 774 4078 illa
789 4027 854 4078 Caes.
864 4063 873 4090 ‚
884 4044 942 4096 quae
952 4025 1079 4096 Pompeio
1087 4037 1169 4094 nupta

117 4107 277 4174 699.Vellei.
283 4110 325 4174 11,
335 4115 371 4181 47
381 4131 389 4174 3
398 4109 469 4160 Flor.
479 4107 530 4170 IV,
538 4126 566 4170 n,
577 4108 620 4160 13.
665 4107 898 4176 luerat,superstes
904 4104 1047 4168 mansisset,
1052 4104 1096 4158 vix
1102 4101 1169 4156 illud

156 4191 182 4248 4.
200 4187 261 4257 Qua
273 4209 354 4258 quum,
376 4201 426 4244 etc.
440 4184 555 4252 Quidam
571 4185 620 4238 bo·
665 4186 725 4238 belli
745 4185 829 4250 civilis
850 4182 1001 4238 incendium
1025 4184 1173 4239 esurium.

907 4271 975 4352 203
