3218 5128
549 549 829 618 PRAEFATIO.
1195 577 1228 622 rr

163 696 397 794 repetitiones
426 708 531 783 ortae,
554 694 692 792 quibus
715 698 753 768 in
776 695 911 770 molem
930 698 1030 792 justo
1056 699 1227 794 majorem

165 819 320 892 excrevit
341 841 448 917 opus.
466 819 599 918 Kappii
623 817 753 908 editio,
774 821 897 891 sinon
913 833 988 892 tam
1008 821 1229 896 erudiendo·

163 968 245 1014 rum
254 965 366 1041 quam
377 941 603 1016 eruditorum
616 941 807 1016 utilitatem
820 959 1042 1042 spectemus,
1056 945 1146 1018 nihii
1154 945 1229 1020 fere

164 1066 265 1165 quod
290 1065 535 1139 desideremus
556 1067 738 1166 reliquum
764 1066 859 1140 fecit.
881 1073 972 1142 Nam
991 1069 1038 1142 de
1059 1071 1230 1144 varietate

164 1192 363 1264 lectionum
389 1191 605 1290 plerumque
632 1191 749 1290 probe
767 1217 808 1264 ac
826 1194 1008 1266 verissime
1022 1194 1163 1288 judicat
1177 1196 1232 1264 vir

166 1317 296 1390 doctus
320 1315 414 1388 :sed
445 1317 553 1388 crisin
581 1317 704 1416 potius
732 1341 842 1415 quam
876 1319 1230 1416 interpretationem,

167 1439 377 1536 atqueadeo
387 1441 500 1538 magis
510 1438 1231 1538 philologorumprofessorumquequam

167 1561 315 1636 mnam
333 1588 375 1634 ae
392 1565 558 1636 tironum
573 1563 763 1636 commoda
775 1563 918 1636 videtur
931 1565 1138 1663 respexisse.
1159 1569 1232 1638 No-

168 1688 333 1760 vissimus
364 1686 523 1786 denique
552 1688 688 1776 editor,
716 1686 962 1778 Heiirechtus,
990 1687 1093 1778 solis,
1116 1713 1233 1786 prope

169 1811 304 1902 dicam,
324 1811 539 1884 discentium
556 1810 762 1884 rationibus
780 1813 973 1884 consuluit.
996 1817 1088 1886 Nam
1103 1811 1236 1884 scholis

169 1937 400 2032 potissimum
428 1935 657 2008 inferioribus
692 1937 914 2032 prospiciens
950 1935 991 2004 in
1021 1933 1235 2032 explicando

170 2059 332 2128 auctoris
347 2082 456 2129 sensu
472 2056 612 2128 assidue
630 2071 793 2128 versatur
809 2080 819 2124 ι
837 2083 857 2128 a
873 2059 954 2129 crisi
971 2071 1090 2130 tentus
1106 2057 1167 2153 (nt
1182 2059 1238 2128 his

169 2179 292 2252 verbis
312 2179 412 2277 utar)
435 2205 578 2278 semper
596 2178 671 2252 iere
691 2203 730 2252 se
753 2182 927 2252 continet.
950 2184 1040 2272 Quae
1058 2205 1174 2278 quum
1189 2183 1239 2252 ita

171 2306 262 2393 sint,
277 2305 457 2402 suscipere
471 2303 635 2376 laborem
648 2329 725 2376 non
744 2304 909 2376 inutilem
925 2305 1022 2376 visus
1037 2323 1116 2375 sum
1131 2304 1238 2393 mihi,

173 2429 203 2498 si
216 2452 348 2498 novam
366 2452 529 2526 pararem
551 2427 770 2516 editionem,
783 2451 863 2525 qnae
879 2426 1051 2500 omnibus
1071 2427 1239 2500 subsidiis

158 2551 220 2624 ‹ad
232 2552 507 2648 intelligendrnn
522 2553 706 2624 Valerium
718 2551 882 2650 undique
893 2554 1080 2640 instructa,
1098 2551 1238 2624 discen·

173 2678 264 2748 tium
289 2699 332 2747 ac
357 2673 564 2772 docentium
594 2674 793 2746 commodis
822 2699 923 2772 ,eque
944 2675 1144 2746 inserviret.
1167 2679 1239 2758 lta,

174 2823 289 2897 quum
305 2800 662 2898 interpretatione,si
677 2799 878 2896 quisalius,
894 2797 1055 2895 indigeat
1062 2798 1240 2883 Valerius,

175 2925 334 3024 prmius
355 2923 552 2996 Helfrcchti
570 2939 675 2996 notas
688 2977 703 3010 ,.
719 2939 798 2996 tum
819 2924 1006 2996 historicas
1030 2937 1067 2994 et
1089 2945 1240 3021 geogra-

176 3048 318 3146 phicas,
337 3064 415 3122 tum
438 3050 689 3146 antiquitatem
711 3062 933 3148 spectantes,
954 3049 1066 3120 textui
1085 3047 1239 3143 subjeci,

176 3187 298 3246 auctas
325 3188 466 3258 tamen,
492 3175 694 3271 castigatas,
724 3197 765 3243 ac
787 3173 915 3270 saepius
938 3174 1085 3270 penitus
1106 3174 1239 3244 immu-

177 3309 280 3366 tatas.
298 3296 439 3370 Deinde
459 3295 581 3368 addidi
603 3295 768 3368 lectionis
780 3297 989 3368 varietatem
1004 3297 1240 3394 praecipuam,
1280 3317 1283 3322 ·

179 3445 225 3491 ex
237 3417 402 3491 subsidiis
414 3445 494 3518 qnae
510 3444 619 3518 supra
632 3419 717 3492 dixi.
728 3421 894 3516 Denique
910 3419 957 3490 ad
970 3419 1151 3517 exempla,
1162 3433 1239 3490 turn

179 3549 359 3630 Romana,
374 3558 451 3614 tum
465 3559 627 3632 externa,
641 3569 718 3614 non
730 3543 847 3614 solnm
861 3557 1024 3615 auctores
1037 3545 1100 3640 qui
1115 3541 1239 3613 eadem

181 3681 403 3756 memorant,
429 3667 491 3738 sed
515 3683 679 3765 tempora
704 3693 852 3765 quoque
879 3683 915 3738 et
950 3691 1082 3755 annos,
1108 3665 1241 3764 quibns

182 3791 343 3890 quidque
370 3793 538 3888 contigit,
561 3794 750 3880 annotavi;
772 3806 814 3862 ut
836 3792 1007 3878 lectores,
1029 3791 1239 3889 ampliorem

182 3915 342 4012 ejusdem
361 3917 413 3986 rei
431 3915 673 3985 narrationem
690 3915 953 4004 desiderantes,
968 3915 1012 3986 ad
1028 3915 1094 3984 alia
1108 3940 1241 3985 monn-

183 4054 304 4112 menta
330 4039 552 4136 antiquitatis
577 4039 678 4110 nullo
704 4041 852 4137 negotio
874 4053 1022 4139 possent
1042 4063 1237 4112 recurrere.

184 4163 324 4255 Quibus
351 4165 388 4234 in
415 4163 524 4236 rebus
541 4163 846 4261 quemadmodum
869 4167 1027 4237 virorum
1050 4163 1241 4236 doctorum
