3168 5124
356 453 913 539 cnP.v,DthJsT1T1A.
1097 460 1168 548 451

103 604 246 678 restent,
259 588 348 658 diem
362 588 415 656 his
430 588 466 656 P.
482 581 628 654 Rutilius
644 582 798 652 tribunus
816 581 923 678 plebis
942 589 1176 681 perduellionis

102 700 145 768 ad
172 693 352 792 populum¹
375 693 475 781 dixit,
493 705 614 788 praeter
638 715 851 768 communem
876 700 1176 774 consternationem

103 807 237 900 privata
256 803 357 871 ctiam
377 801 426 870 ira
442 821 622 884 accensus;
638 797 716 891 quia
726 803 956 870 necessarum
972 803 1048 894 cpias
1059 831 1106 878 ex
1112 835 1178 905 pu.

103 913 193 982 blico
208 912 283 980 loco
290 913 464 1006 parietem
481 905 640 976 demoliri
645 903 830 998 jusserant:
844 931 911 999 quo
926 907 960 976 in
970 907 1095 1001 judicio
1110 921 1178 1011 pri-

104 1045 168 1088 rnae
187 1016 300 1087 classis
318 1012 491 1112 permultae
512 1009 687 1082 centuriae²
707 1010 884 1081 Claudium
903 1030 1017 1108 aperte
1038 1019 1180 1096 damna-

103 1125 210 1209 bant3
236 1123 277 1196 de
300 1121 447 1194 Gracchi
464 1118 671 1189 absolutione
692 1119 855 1188 universae
876 1125 1062 1196 consentire
1083 1132 1180 1202 vide.

105 1233 251 1300 bantur:
268 1230 325 1326 qui
341 1227 431 1298 clara
448 1251 533 1296 voce
543 1226 688 1319 juravit,
706 1230 740 1292 si
753 1224 797 1294 de
811 1227 948 1322 collega
966 1253 1029 1300 suo
1040 1246 1182 1328 gravem

103 1355 197 1408 esset
205 1336 428 1430 Jiedecaaem,
451 1339 488 1402 in
497 1333 618 1424 factes
628 1329 777 1426 paribus
796 1356 834 1400 sc
851 1335 1007 1406 eamdem
1027 1365 1103 1410 cum
1121 1348 1163 1418 ill

95 1469 249 1540 poenam
267 1443 383 1512 exsilii
396 1438 583 1508 subiturum
593 1465 607 1524 ,·
626 1462 731 1532 eaque
745 1439 873 1531 justitia
894 1455 966 1510 tota
982 1441 1038 1515 illa
1055 1461 1181 1547 tempe-

105 1568 176 1621 stas
191 1551 234 1621 ab
255 1550 428 1640 utriusque
443 1545 585 1614 fortunis
600 1559 635 1614 et
650 1546 759 1640 capite
773 1544 911 1640 depulsa
922 1563 992 1636 est3
1006 1552 1184 1630 Claudium

106 1661 199 1727 enirn
220 1653 364 1751 populus
384 1649 546 1740 absolvit3
570 1651 727 1722 Graccho
748 1676 855 1724 causae
876 1653 1056 1730 dictionem
1079 1665 1182 1736 tn'bu-

104 1791 173 1834 nus
192 1759 336 1831 Rutilius
355 1760 489 1828 remisit.

165 1874 200 1958 4.
223 1870 384 1962 Magnam
401 1864 532 1934 laudern
552 1879 586 1934 et
603 1862 685 1934 illud
706 1864 882 1961 collegium
902 1868 1114 1946 tribunorum
1132 1893 1184 1948 tu-

105 1962 180 2064 lit³,
193 1973 298 2070 quod,
318 1999 420 2066 quum
440 1997 527 2040 unus
545 1997 638 2042 exeo
652 1961 696 2041 LJ
711 1974 811 2042 Cotta
826 1973 948 2043 fiducia
967 2001 1186 2057 sacrosanctae

105 2082 285 2178 potestatis
304 2078 523 2150 creditoribus
539 2079 604 2148 suis
622 2077 726 2147 nollet
744 2079 952 2170 satisfacere,
971 2083 1140 2178 decrevit,
1155 2100 1190 2164 si

105 2215 222 2285 neque
235 2188 382 2256 solveret
388 2191 577 2282 pecuniam
585 2240 597 2272 ,
618 2209 728 2280 neqroe
742 2185 845 2254 daret
863 2212 940 2260 cum
958 2215 1027 2285 quo
1044 2205 1186 2290 sponsio

92 2299 210 2392 fieret
220 2350 232 2382 ,
258 2319 296 2362 se
317 2291 575 2389 appellantibus
598 2317 675 2361 eum
692 2291 915 2362 creditoribus
937 2302 1185 2395 asareliofittu.

105 2429 185 2472 reem
195 2428 210 2489 ,·
229 2402 379 2494 iniquum
396 2414 526 2485 ratum,
543 2399 750 2493 majestatem
767 2399 935 2494 publicam
954 2406 1092 2498 privatae
1110 2437 1185 2506 per-

106 2510 199 2579 fidiae
218 2508 369 2577 obtentui
387 2531 481 2576 esse:
501 2507 612 2599 itaque
628 2508 780 2590 Cottam,
794 2507 829 2574 in
847 2507 1020 2580 tribunatu
1038 2521 1130 2608 quasi
1150 2521 1185 2589 in

106 2616 226 2712 aliquo
245 2615 390 2684 sacrario
406 2599 596 2700 latenteml,
612 2612 782 2681 tribunitia
798 2613 875 2682 inde
888 2615 1016 2710 justitia
1033 2629 1183 2697 extraxit.

153 2826 180 2862 r.
194 2805 373 2858 Pei-duellionis
385 2805 421 2857 ad
427 2804 552 2880 populum.
566 2803 630 2856 Per·
713 2804 740 2857 3.
756 2805 832 2859 Tulit.
845 2807 897 2860 An.
909 2809 945 2863 U.
963 2811 1081 2880 599...-
1098 2818 1185 2874 Sam,

106 2887 217 2942 duelles
231 2885 314 2952 dicti,
329 2886 376 2957 qui
390 2885 497 2940 hostilia
512 2884 541 2936 in
555 2901 628 2936 rem·
671 2895 770 2938 sancte.
787 2885 964 2954 Tribunitiaa,
984 2911 1064 2962 msam
1084 2899 1185 2957 violare

106 2968 188 3042 publ.
201 2966 394 3020 moliebantur:
405 2964 468 3036 quia
479 2983 545 3036 quos
556 2981 629 3016 nunc
670 2964 744 3016 nefas
759 2964 889 3019 babimm.
900 3000 941 3010 —
953 2972 981 3022 F
979 2976 1044 3028 ieret.
1058 2976 1112 3041 Qui
1122 2999 1185 3052 pm.

106 3050 213 3111 hostes,
221 3066 266 3099 eos
272 3057 374 3098 veteres
381 3043 530 3116 perduelles
541 3043 630 3116 appel·
671 3043 803 3108 mitteret,
813 3059 911 3098 certam
924 3053 1064 3119 pecuniam
1076 3075 1103 3110 se
1111 3062 1183 3116 solu·

105 3128 277 3182 labant.Lex
285 3125 301 3177 J
305 3125 359 3177 ulia
367 3123 558 3196 perduellionis
567 3143 629 3176 eum
671 3135 778 3190 turum,
789 3125 841 3178 nisi
853 3127 931 3180 Cotta
943 3131 1120 3193 creditoribus
1130 3143 1184 3196 eui,

105 3226 224 3284 quoque
233 3225 309 3258 reum
316 3223 371 3258 esse
379 3204 559 3276 voluit,cujus
567 3223 630 3274 ope·
671 3204 839 3258 satisfaceret.
857 3239 898 3250 -
917 3209 1104 3280 Appellantr'bus
1121 3240 1182 3278 eum.

106 3309 138 3342 ra
149 3287 323 3358 magistrante
335 3284 428 3357 populi
442 3283 547 3336 romani
558 3282 629 3335 occi·
672 3284 805 3355 Appellare
820 3285 850 3338 h.
867 3287 884 3340 l.
899 3301 938 3340 est
950 3289 984 3343 de
1002 3299 1116 3363 pecunia
1130 3304 1183 3356 sol.

106 3389 155 3423 sus
167 3367 260 3422 luerit.
275 3367 358 3437 Cujus
371 3357 489 3418 criminis
500 3363 629 3427 convicti,
671 3363 917 3420 vendaadmonere.
930 3368 973 3422 Sic
987 3372 1037 3439 lv,
1053 3379 1080 3441 8,
1097 3379 1123 3432 3,
1138 3383 1183 3436 Gi.

106 3463 140 3502 ut
157 3449 252 3501 hostes
266 3443 521 3499 condemnabantur.
673 3463 734 3496 cero
743 3463 851 3518 quoque
860 3467 910 3518 pro
921 3447 1014 3512 Quint.
1026 3471 1033 3504 :
1047 3457 1128 3526 Qum
1139 3464 1184 3516 aba

154 3549 184 3582 2.
195 3523 630 3594 Centurioe.Serviusrexpopulnm
672 3525 777 3598 quotidie
793 3539 901 3596 potestas
914 3530 1005 3595 suisset
1023 3535 1180 3604 adenonaudt,

109 3609 140 3662 in
148 3607 275 3680 quinque
284 3606 376 3658 classes
383 3602 562 3670 distributae
569 3603 632 3670 clas·
672 3604 771 3656 verbum
781 3607 871 3658 mellum
877 3610 955 3675 sacis,
966 3609 1060 3666 biennio
1066 3619 1119 3686 jam
1129 3643 1184 3674 m.

107 3691 146 3742 sis
157 3686 256 3760 primae
269 3685 346 3738 initio
358 3684 483 3738 centurias
496 3684 631 3754 octoginta
667 3685 793 3752 sarctojisre
802 3687 917 3757 appellas.
931 3687 993 3742 Non
1005 3691 1041 3746 ita
1054 3695 1184 3756 intellexit

108 3765 269 3822 fuere.Vid.
280 3765 341 3818 Liv.
354 3767 383 3830 1,
397 3777 417 3817 t.
431 3761 570 3836 I,p·125,
581 3781 631 3814 no·
674 3763 758 3818 Aldus
771 3765 818 3836 qni
831 3767 936 3838 sca-ipsit
951 3773 1127 3842 appellantibus
1141 3803 1180 3845 se,

106 3863 174 3902 strui
187 3844 322 3899 editionis.
335 3875 376 3888 —-
389 3843 505 3898 Eamdem
516 3863 569 3896 eum
580 3843 631 3895 tlte.
674 3841 704 3896 id
713 3857 752 3897 est
759 3844 1084 3908 ,creditoribusauxilinm
1092 3877 1184 3930 suum,

108 3925 263 3982 Torrenius
278 3937 381 3992 monet,
390 3925 443 3977 boc
452 3923 574 3995 exemplo
586 3921 633 3976 de·
674 3943 771 3996 nempe
778 3925 962 3995 tribnrmrum,
972 3931 1183 4004 implorantibus.

108 4007 191 4062 tendi
206 4027 261 4060 non
272 4025 348 4078 posse
362 4003 490 4077 loquendi
506 4005 633 4068 sormam,
676 4037 713 4047 -
732 4004 857 4058 obtentui.
872 4009 1024 4066 Praetextui.

107 4092 169 4160 jam
177 4088 213 4139 ab
219 4084 516 4151 aliisdamnatam‚idem
522 4103 573 4136 cum
581 4083 632 4136 e'llo.
718 4091 744 4147 4.
759 4086 890 4140 [arcerem.
904 4089 1051 4162 Tamquam
1062 4099 1090 4152 in
1099 4105 1186 4170 asvlo,

111 4165 633 4235 Constr.est‚sesubituramcamillopa.
676 4163 749 4228 unde
764 4167 866 4220 extrabi
880 4187 936 4222 non
951 4187 1046 4241 possm.
1127 4163 1136 4176 ’

946 4257 1013 4348 29¹
