3184 5132
334 531 440 610 CAP.
469 529 591 617 VIII,
619 531 687 600 DE
721 531 1036 602 MIRACULIS.
1170 536 1218 631 89

155 662 213 755 qui
234 662 268 728 in
285 660 399 731 funere
421 663 535 732 matris
557 687 624 731 suae
640 678 737 732 utero
758 663 905 758 elapsus,
919 667 1090 760 inopinato
1109 669 1220 762 vagitu

154 792 216 836 suo
238 765 358 838 lectum
381 769 522 838 serentes
539 772 717 838 consistere
734 773 856 865 coegit,
878 797 1069 866 novumque
1091 789 1219 867 specta·

153 873 265 942 culum
279 877 392 969 petriae
409 875 564 970 praebuit,
581 890 710 945 tanturn
729 901 797 945 non
814 903 853 946 ex
865 879 937 972 ipso
951 881 1118 973 genitricis
1137 905 1219 974 rogo

153 979 262 1048 lucem
282 995 316 1049 et
338 1005 440 1051 cunas
456 997 650 1075 assequutus
661 981 669 1006 ¹
682 1009 690 1050 τ
705 983 820 1052 eodem
842 985 929 1053 enirn
947 1001 1117 1055 momento
1136 1001 1219 1055 tem-

153 1087 266 1180 poris,
293 1085 395 1156 altera
417 1088 486 1182 jam
512 1088 579 1158 lato
606 1088 719 1157 funeta
745 1091 852 1183 parit3
878 1090 961 1160 alter
985 1107 1061 1164 ante
1089 1092 1219 1178 elatus,

153 1215 254 1285 quarn
281 1207 457 1263 natusest.

208 1297 242 1367 6.
259 1301 388 1369 Divinae
403 1300 544 1370 fortunae
557 1299 677 1369 vulnus
687 1301 697 1324 ²
707 1302 842 1370 Pheneo
856 1305 967 1372 Iasoni
982 1305 1114 1398 quidam
1130 1305 1219 1374 exitii

154 1403 226 1496 ejus
243 1405 382 1500 cupidus
400 1405 524 1490 intulit,
546 1431 623 1474 nam
641 1431 743 1500 quum
762 1409 848 1476 inter
865 1409 997 1480 insidias
1017 1409 1126 1503 gladio
1143 1435 1220 1491 euna

152 1515 387 1603 percussisset,
411 1515 574 1582 vomicam
589 1498 612 1600 ³,
637 1537 710 1607 quae
729 1538 750 1580 a
770 1512 861 1583 nullo
883 1515 1088 1584 medicorum
1111 1520 1219 1586 sanari

152 1631 322 1710 potuerat,
339 1621 384 1687 ite
402 1621 510 1713 rupit,
528 1633 565 1688 ut
587 1619 755 1688 hominem
774 1622 931 1715 pestifero
947 1621 1035 1691 malo
1053 1622 1217 1692 liberaret.

211 1749 243 1818 7.
260 1727 364 1818 AEque
381 1727 453 1794 Diis
469 1724 709 1794 immortalibus
724 1742 879 1821 acceptus
898 1727 1081 1797 Simonides
1088 1717 1112 1816 ⁴,
1126 1732 1219 1824 cujus

151 1827 241 1898 salus
253 1830 294 1898 ab
307 1832 490 1898 imminenti
504 1833 603 1900 exitio
621 1830 773 1919 defensa,
785 1835 889 1902 ruinae
904 1857 1035 1928 quoque
1051 1835 1220 1906 subtracta

154 2033 667 2104 mancus.Koppiuscoujicit,rerbasor·
752 2040 776 2087 3.
792 2034 923 2088 Veratrum.
939 2035 1050 2088 Vomica
1064 2035 1163 2090 dicitur
1178 2038 1219 2090 ul·

156 2115 188 2162 tis
197 2123 222 2162 et
228 2113 289 2162 clari
301 2115 348 2164 vr'rr'
358 2116 428 2183 origo
439 2110 615 2166 construenda
629 2133 664 2166 es·
710 2113 857 2178 cuslatens,
865 2133 879 2166 a
887 2113 1032 2180 vomendo,
1040 2117 1101 2188 quia
1109 2130 1218 2188 ruptum

154 2209 183 2242 se
198 2199 266 2243 cum
275 2211 359 2243 novrum
374 2193 530 2263 spectaculum
542 2193 663 2264 praebuit,
694 2193 807 2245 'evomit
818 2195 925 2246 saniem.
938 2194 1088 2248 Secundum
1098 2195 1217 2250 Nonium

153 2287 238 2341 quum
249 2273 403 2342 conjunctio
414 2271 497 2344 quein
507 2290 571 2324 voce
580 2291 664 2324 novum
707 2271 862 2325 Marcellum
875 2275 976 2328 vomica
992 2275 1065 2328 locus
1074 2287 1113 2328 eat
1125 2295 1218 2330 conca·

154 2370 169 2402 a
183 2351 297 2402 librariis
313 2353 348 2403 ob
362 2351 513 2423 precedens
527 2355 607 2422 coegit
616 2349 662 2404 ad·
706 2371 754 2404 vus
762 2367 788 2406 et
794 2353 1216 2422 vetustateambesus3secundum

152 2427 209 2482 dita
223 2431 256 2484 sit
272 2449 302 2482 ac
313 2429 396 2484 deleri
409 2430 511 2484 debeat.
525 2432 591 2496 Quae
602 2433 662 2503 qui·
706 2431 770 2484 alios
783 2451 864 2504 genus
881 2435 1061 2504 apostematis,
1081 2455 1129 2508 per
1141 2435 1214 2508 quod

153 2507 214 2562 dem
225 2511 384 2581 'conjectura
403 2511 455 2564 viri
471 2509 615 2566 doctissimi
627 2531 661 2564 an
705 2511 862 2565 emittuntur
872 2514 1022 2568 viscera.-—
1030 2515 1212 2571 Uthomuoem...

152 2589 187 2642 sit
203 2589 362 2662 probabilis,
381 2591 521 2662 peritiores
537 2589 660 2646 viderint.
704 2591 889 2647 liberaretllid.
900 2593 1051 2660 Cicer0,de
1066 2597 1126 2648 Nat.
1136 2595 1211 2650 deor.

197 2688 220 2722 ι.
238 2671 340 2722 Tantum
356 2689 403 2722 non
411 2709 505 2725 .......
513 2683 659 2744 assequutus.
704 2671 760 2736 111,
777 2673 993 2740 283Ptin.vl1,
1012 2675 1056 2728 50.

152 2749 194 2802 Ex
207 2749 264 2820 ipso
279 2750 334 2802 lere
350 2751 440 2803 matris
453 2769 519 2822 rogo
532 2751 618 2804 lucem
635 2765 662 2808 et
745 2757 770 2816 4.
778 2751 919 2806 Simonides.
928 2754 970 2808 et.
982 2754 1037 2808 Cic.
1048 2753 1081 2807 de
1087 2755 1161 2810 Orat.
1170 2756 1212 2820 11,

153 2828 661 2900 cunasadeptusestGorgIas.-Clarus
705 2833 756 2897 86,
774 2832 885 2897 Quintil.
899 2834 996 2898 X1,s,
1014 2852 1104 2888 rr.-
1119 2835 1213 2889 Exitio.

152 2922 254 2974 orator,
263 2908 310 2962 sed
320 2911 366 2982 qui
376 2929 407 2962 ex
414 2922 534 2976 tempore
543 2910 660 2981 plerum·
704 2911 736 2963 In
743 2910 821 2964 codd.
830 2911 905 2964 MSS.
914 2913 1014 2984 aliquot
1020 2912 1101 2984 officio
1108 2915 1212 2982 legitur.

152 3007 205 3062 que
221 2987 254 3042 de
267 3008 297 3042 re
314 2990 431 3060 qualibet
445 2987 551 3055 dicens,
571 2991 660 3062 pristi·
704 2990 783 3056 Quod
803 2990 869 3062 quid
886 2992 939 3044 sibi
953 2992 1031 3057 velit,
1050 3012 1104 3046 non
1118 2993 1211 3062 liquet.

151 3088 214 3122 nam
224 3069 296 3122 illam
309 3071 432 3122 eximiam
441 3070 596 3124 Graecorum
605 3071 660 3122 elo-
704 3070 816 3123 Exitium
831 3071 944 3142 appellat
963 3083 1054 3124 auctor
1072 3073 1213 3126 imminens

150 3148 287 3220 quentiam
299 3146 464 3204 deformavit.
475 3183 514 3192 —
522 3147 602 3216 Quod
613 3168 660 3221 pa·
703 3149 770 3202 illud
782 3151 960 3222 naufragium,
969 3149 1003 3204 de
1012 3171 1066 3223 quo
1077 3171 1156 3222 snpra
1165 3153 1212 3206 lili.

151 3247 213 3280 rum
229 3228 326 3291 abluit,
345 3231 410 3300 quin
423 3242 449 3284 et
462 3227 517 3300 ipae
531 3249 583 3282 una
598 3248 660 3284 cum
703 3230 729 3293 I,
741 3248 763 3282 c.
777 3250 810 3300 7,
821 3243 871 3284 eat.
884 3231 914 3296 3,
926 3231 993 3302 egit;
1007 3229 1036 3284 id
1047 3230 1120 3302 quod
1131 3233 1211 3284 verba

152 3319 239 3358 matre
249 3325 315 3375 rogo
327 3308 508 3378 imponeretur
524 3321 603 3380 atque
623 3309 659 3362 ita
704 3310 905 3382 subsequentia,
924 3331 994 3384 quam
1014 3331 1056 3363 nec
1070 3333 1148 3373 mare,
1168 3331 1211 3362 nec

151 3385 370 3457 perir·et;matris
388 3389 505 3442 loculum
526 3408 572 3442 sen
591 3390 659 3442 fere·
704 3401 767 3440 term
791 3395 903 3452 seviens,
929 3391 1061 3446 evincunt.
1081 3391 1212 3444 Nonnulli

150 3480 226 3519 trum
238 3465 332 3518 habuit
343 3485 392 3537 pro
406 3468 497 3538 primis
508 3469 591 3522 cuuis.
703 3470 833 3540 naufragio
845 3470 943 3540 legunt.
965 3469 1016 3524 Sed
1034 3468 1061 3522 id
1078 3483 1117 3524 est
1135 3490 1150 3522 a
1164 3489 1210 3523 cu-

196 3565 222 3598 a.
232 3544 443 3612 Divinoefirrumoe
456 3547 556 3609 vahan,
568 3545 597 3602 id
605 3561 659 3616 est,
703 3547 806 3602 riosaet
814 3549 979 3602 maleleriuta
987 3569 1118 3602 mauu.-
1124 3551 1210 3602 Ruinoe

149 3625 214 3680 felix
228 3623 373 3696 etaliipsis
382 3625 439 3678 Diis
447 3628 595 3698 proiectum
604 3629 661 3680 vul·
703 3648 801 3702 quoque.
829 3629 934 3700 Lipsius
955 3625 1095 3700 legendum
1123 3645 1211 3684 censet

149 3725 212 3759 nna.
224 3705 303 3757 Iason
317 3704 362 3758 ille
377 3704 521 3759 Pheraeum
534 3708 562 3760 in
575 3709 660 3762 Thes-
703 3711 833 3780 tuncque,
848 3728 877 3761 ac
889 3710 911 3761 si
921 3705 955 3759 de
967 3709 1115 3762 soloruinc
1127 3711 1209 3764 exitio

148 3785 213 3838 salia
227 3785 278 3837 tuit
290 3796 428 3856 tyrannus.
439 3784 508 3838 Vide
515 3785 593 3840 Diod.
607 3786 658 3840 Sic.
703 3805 790 3840 sermo
811 3787 854 3841 sit.
872 3787 962 3840 Minus
984 3789 1060 3842 bene.
1082 3791 1208 3861 Intelligit

147 3865 221 3930 XV,
236 3877 262 3918 et
277 3865 358 3930 XV1;
374 3865 464 3936 Nepos
487 3865 571 3930 XIII,
591 3873 618 3929 4.
634 3867 659 3920 Is
703 3865 1210 3941 auctorduodiversa,dicitque,cnteub

147 3957 177 3998 et
187 3945 338 4012 Alexandri,
353 3944 525 4016 pluriumque
538 3946 660 4000 thessalo·
702 3950 832 3999 imminenti
839 3951 912 4000 esitio
920 3947 1018 4000 sulutem
1030 3953 1079 4020 ejus
1088 3949 1209 4018 defamem

146 4041 209 4078 rum
224 4037 414 4095 tyrannorum,
435 4044 449 4078 a
465 4026 561 4098 quibus
575 4027 658 4079 Thea-
703 4021 774 4089 (scil.
794 4027 822 4078 in
837 4019 930 4096 mari),
951 4047 1012 4080 nunc
1029 4033 1105 4082 ruine
1119 4051 1209 4102 quoque

147 4104 216 4157 salos
239 4104 352 4158 liberare
378 4103 481 4159 studuit
501 4105 655 4178 Pelopidas,
701 4107 855 4160 subtractum.
874 4107 949 4163 Patet
968 4107 996 4162 id
1011 4129 1041 4162 ex
1060 4111 1113 4162 sine
1129 4111 1208 4180 hujus

144 4185 309 4238 mentionem
325 4186 394 4239 lacit.
701 4185 822 4256 exempli.
