3184 5132
257 585 361 655 CAP.
390 585 466 671 VI,
492 585 562 652 DE
588 583 814 652 EXTERN.
843 585 1033 654 INSTIT.
1108 583 1174 656 131

172 715 207 787 6.
226 718 314 812 Age,
333 715 413 811 quid
434 713 514 784 illud
538 715 724 786 institutum
736 717 961 802 Athenarum,
982 741 1082 812 quam
1108 743 1182 788 mc-

116 822 299 896 morabile?
315 822 404 918 quod
418 823 622 892 convictusa
638 836 780 918 petrono
798 821 934 892 libertus
948 825 1096 918 ingratus
1108 825 1184 919 jure

117 931 277 1001 libertatis
292 927 452 1000 exuitur'.
466 959 483 994 u
493 929 698 1024 Supersedeo
711 944 759 1016 te,
775 929 901 1022 inquit,
913 929 1034 1000 habere
1047 929 1184 1020 civem²,

118 1039 203 1108 tenti
222 1037 368 1106 muneris
387 1037 527 1131 impium
546 1036 787 1106 aestimatorem.
807 1037 878 1105 Nec
891 1035 1008 1106 adduci
1032 1061 1184 1132 possum,

119 1160 158 1214 ut
174 1143 307 1214 credam
322 1143 399 1212 urbi
421 1141 551 1230 utilem,
569 1165 668 1236 quem
689 1141 801 1211 domui
816 1139 988 1212 scelestum
1004 1168 1119 1214 cerno:
1130 1144 1185 1216 sbi

119 1253 247 1346 igitur„
260 1264 293 1319 et
308 1264 379 1319 esto
395 1273 529 1336 servus,
550 1249 705 1342 quoniam
722 1247 806 1317 liber
826 1273 897 1318 esse
914 1251 1054 1318 nescisti.
1065 1279 1082 1314 s
1183 1243 1186 1248 ’

177 1399 210 1470 7.
232 1373 315 1443 Inde
332 1355 568 1443 Massilienses³
585 1395 717 1467 quoque
734 1372 777 1441 sd
795 1373 860 1442 hoc
878 1386 1008 1468 tempus
1025 1390 1186 1470 usurpant

116 1479 300 1575 disciplinas
322 1482 535 1574 gravitatem,
556 1479 656 1573 prisci
676 1481 776 1548 moris
798 1479 1024 1566 observantia,
1051 1483 1186 1552 caritate

120 1585 237 1682 populi
265 1588 394 1656 romani
419 1587 586 1680 praecipue
615 1586 808 1680 conspicui3
840 1588 897 1680 qui
918 1600 985 1654 tres
1010 1588 1043 1654 in
1070 1585 1186 1656 eodem

119 1693 393 1762 manumissiones
414 1690 555 1762 rescindi
575 1694 786 1784 permittunt,
808 1693 835 1761 si
855 1705 906 1760 ter
929 1692 971 1760 ab
993 1691 1110 1762 codem
1126 1693 1187 1762 de-

118 1813 256 1894 ceptum
275 1798 446 1868 dominum
468 1800 693 1892 cognoverint.
716 1799 847 1886 Quarto
864 1800 969 1866 errori
989 1799 1187 1902 subvenien-

117 1905 203 1973 dum
230 1929 297 1973 non
320 1916 460 1998 putant3
482 1905 558 1997 quin
581 1927 640 1971 sua
659 1904 727 1996 jam
753 1903 850 1998 culpa
871 1904 1024 1996 injurium
1046 1909 1188 2000 accepit,

118 2012 228 2105 quiri
248 2035 282 2079 se
303 2011 424 2078 totiens
446 2001 574 2102 objecit.
595 2007 719 2078 Eadem
742 2011 857 2078 civitas
876 2011 1057 2080 severitatis
1077 2025 1187 2082 custos

119 2119 286 2186 acerrima
311 2129 376 2202 est,
404 2113 532 2183 nullum
553 2114 679 2184 aditum
704 2117 738 2182 in
760 2102 914 2184 scenam⁴
933 2117 1041 2185 mimis
1059 2116 1187 2204 dando,

120 2246 267 2317 quorum
288 2235 482 2317 argumenta
503 2221 629 2314 majore
645 2245 686 2290 ex
703 2235 797 2316 parte
813 2235 1003 2315 stuprorum
1018 2225 1189 2295 continent

119 2343 234 2416 actus3
250 2353 291 2397 ne
308 2327 386 2397 talia
401 2327 570 2422 spectandi
584 2327 790 2398 consuetudo
808 2329 906 2396 etiam
925 2327 1073 2398 imitandi
1088 2328 1187 2400 licen·

119 2438 203 2504 tiam
226 2450 343 2504 sumat.
366 2433 532 2504 Omnibus
554 2449 683 2521 autem,
700 2435 757 2528 qui
775 2459 835 2530 per
854 2433 996 2528 aliquam
1019 2434 1185 2530 religionis

119 2539 366 2610 simulationem
391 2540 545 2609 alimenta
572 2541 698 2610 inertiae
719 2555 889 2634 quaerunt,
918 2539 1045 2611 clausas
1072 2558 1186 2638 portas

116 2743 248 2812 posteritas
261 2739 323 2793 ferri
339 2749 470 2810 nequeat,
484 2755 539 2791 non
554 2737 633 2790 intel·
675 2739 718 2791 111
736 2749 763 2792 et
783 2737 838 2802 1V;
855 2739 953 2792 Justin.
973 2741 1083 2805 XLIII,
1099 2742 1124 2796 5.
1145 2743 1185 2797 De

119 2819 235 2890 ligimus.
677 2835 768 2870 eorum
779 2815 870 2870 fidein
880 2819 1110 2884 Romanos,initio
1121 2823 1185 2877 belli

164 2921 190 2953 1.
212 2897 288 2970 Quod
300 2899 467 2950 convictus...
480 2900 583 2950 autur.
596 2897 632 2950 Il-
675 2898 767 2968 punici
779 2897 903 2962 secundi,
916 2897 1006 2952 Liuius
1026 2899 1109 2966 m,
1123 2889 1184 2968 ¹so,

122 2977 173 3032 tud
187 2975 221 3032 tle
237 2977 326 3030 libertis
340 2977 368 3030 in
383 2978 536 3030 servitutem
549 2989 633 3030 retro·
675 2997 730 3050 seq.
740 2979 780 3029 De
796 2980 851 3048 ejus
865 2977 976 3030 civitatis
985 2980 1126 3032 virtutibus
1142 2982 1185 3035 Ci-

120 3059 190 3123 ctis,
205 3058 252 3130 qui
268 3069 393 3129 patronos
408 3075 463 3108 non
477 3057 633 3120 coluerant,
675 3075 737 3109 cero
749 3076 799 3128 pro
810 3057 841 3109 t..
852 3055 945 3110 Flacco
961 3071 987 3110 et
1001 3057 1069 3111 Just.
1080 3059 1183 3127 XLIV,

121 3151 168 3191 aut
188 3137 291 3210 legibus
312 3137 437 3209 imperatu
456 3153 512 3188 non
531 3136 633 3207 prosti-
678 3137 710 3202 3,
724 3155 773 3189 nec
788 3155 843 3189 non
856 3136 1012 3205 Athennus,
1027 3151 1055 3191 et
1074 3139 1182 3194 Tacitus

121 3215 633 3287 tissent‚imitetiquoquellomsni.vi·
676 3215 705 3269 in
714 3211 845 3288 Agricola.

118 3297 155 3350 de
164 3295 252 3349 Taciti
262 3295 501 3360 mammas,
514 3295 633 3366 s7;Sui·
717 3301 743 3360 4.
764 3297 795 3348 ln
814 3315 915 3348 scensas.
938 3297 980 3349 Ne
995 3297 1102 3368 probuti
1122 3299 1182 3352 illo-

118 3377 170 3430 das
183 3375 239 3446 ospl
258 3374 404 3434 ἀποςασῖου.
675 3393 736 3428 rum
748 3393 835 3428 mores
849 3389 1092 3448 corrumperentur.
1102 3377 1184 3432 Sceni-

164 3475 194 3510 2.
218 3451 306 3507 Civem,
315 3453 634 3526 Errethichlerius,qni
675 3458 699 3506 ci
717 3457 786 3507 euim
808 3455 860 3507 tudt
873 3456 986 3509 lascivia
1003 3471 1064 3508 sunt
1080 3457 1181 3530 imago:

122 3551 218 3590 servos
236 3532 314 3586 simul
333 3550 393 3585 cum
415 3533 535 3586 libertate
555 3535 634 3588 etiam
675 3553 706 3588 ac
719 3535 771 3587 nisi
785 3535 843 3588 sh'is
857 3536 936 3588 rebus
949 3537 1110 3589 roborantur
1125 3539 1182 3592 cni-

121 3619 245 3670 cr’es'tatem
261 3612 389 3684 accepim
399 3613 535 3666 existimet.
675 3615 809 3678 mi‚scena
822 3615 956 3668 ustionem
972 3615 1105 3670 imbellem
1121 3616 1182 3672 red·

164 3697 194 3750 3.
216 3691 384 3747 Massilienses.
403 3692 518 3746 Massilia
535 3711 551 3746 a
570 3711 633 3764 pro·
676 3691 740 3747 dere
750 3707 844 3766 potest.
860 3693 973 3747 Maxima
988 3694 1095 3766 quidem
1109 3697 1180 3770 apud

122 3777 194 3847 fugis
208 3793 240 3826 ex
254 3771 331 3826 Iouis
344 3771 559 3837 Phoceensibnn
570 3771 634 3826 Per·
676 3773 782 3828 Grecos
803 3775 988 3845 Romanosque
1002 3773 1053 3829 fuit
1073 3777 1181 3834 illorum

123 3873 213 3908 sarum
241 3851 409 3906 dominatum
433 3851 634 3918 aversantibus,
675 3853 794 3918 licentis,
809 3855 899 3906 Romu
919 3866 1006 3906 tamen
1024 3867 1123 3910 setores
1138 3860 1180 3913 iu·

124 3935 151 3987 in
163 3935 255 3988 littore
266 3929 360 3986 Gallim
373 3943 411 3986 est
423 3943 553 3985 exstructa
565 3933 634 3984 inter
676 3934 757 3988 fumes
772 3933 864 3988 habiti.
873 3933 1035 4006 Augustinus
1048 3935 1083 3989 de
1098 3939 1129 3993 C.
1146 3941 1180 3994 D.

124 4014 251 4068 barbaros
265 4011 369 4084 Salyes,
382 4029 465 4084 quum
488 4013 574 4084 Cyrus
593 4029 634 4065 re·
676 4013 1180 4086 11,13.usqutsustongeatiaaevo

125 4111 185 4147 rum
202 4094 230 4146 in
245 4093 305 4146 Asis
322 4092 462 4164 potiretur.
486 4093 634 4146 Decorum
676 4107 767 4147 nostro
778 4095 970 4162 murotenus,
982 4097 1180 4171 quolerejusto
1226 4111 1230 4122 ·

125 4191 186 4244 erga
195 4173 328 4226 Romanos
337 4173 633 4246 amicitia‚potissimum
675 4174 759 4246 pluris
782 4175 951 4228 estimantur.
972 4177 1041 4230 Laus
1060 4179 1092 4232 tis
1104 4177 1182 4234 debe-

123 4254 219 4323 sallico
231 4254 362 4322 tumultu,
373 4253 423 4324 leg.
435 4251 530 4307 Strabo
544 4271 634 4324 geogr.
675 4266 719 4306 tur
744 4266 879 4325 tamquam
902 4252 1068 4324 artificibus,
1092 4260 1113 4312 si
1136 4255 1185 4332 qui¹

987 4361 998 4388 Ι
