3196 5122
407 487 479 560 ¹90
572 464 794 532 VALERII
829 457 1041 532 MAXIMI
1076 465 1171 532 LIB.
1206 464 1280 530 ΙΙΙ.

454 621 487 692 9.
510 593 691 664 Strenuus¹
715 593 768 664 ille
793 619 924 690 quoque
946 593 1006 664 llos
1027 593 1150 664 ordinis
1169 595 1347 688 equestris,
1370 594 1459 687 cujus

401 705 485 772 mira
503 704 625 770 virtute
647 701 765 770 Fabius
782 703 945 770 Maximus
960 699 1133 770 Rullianus
1146 703 1301 796 magister
1315 702 1459 794 equitnm

401 807 506 894 bello,
525 805 614 902 quod
633 806 789 876 adversus
808 809 969 876 Samnites
983 807 1176 902 gerebatur,
1198 805 1283 874 male
1298 808 1459 876 commissi

402 912 503 1010 praelii
512 915 649 982 crimine
662 911 788 982 levatus
798 928 847 982 est
858 939 865 980 :
877 937 1019 1008 namque
1030 915 1163 1008 Papirio
1173 913 1318 981 Cursore
1328 927 1460 1007 propter

403 1021 546 1114 auspicia
563 1017 740 1113 repetenda
759 1021 794 1088 in
809 1018 925 1088 urbem
939 1017 1190 1114 proficiscente,
1205 1021 1319 1088 castris
1335 1043 1460 1114 praepo·

403 1127 501 1211 situs,
523 1149 561 1194 ac
583 1125 703 1194 vetitus
718 1125 751 1193 in
770 1127 872 1195 aciem
895 1127 1074 1194 exercitum
1093 1125 1229 1210 ducere,
1251 1123 1460 1220 nihilominus

403 1255 520 1299 manus
542 1255 619 1300 cum
641 1231 753 1318 hoste,
770 1231 827 1300 sed
845 1255 912 1299 non
932 1247 1000 1300 tam
1016 1230 1171 1318 feliciter,
1188 1228 1304 1324 quam’
1325 1245 1460 1318 temere,

403 1337 588 1406 conseruit:
606 1335 721 1432 procul
738 1338 825 1405 enim
840 1335 942 1406 dubio
958 1337 1183 1432 superabatur.
1198 1337 1363 1405 Ceterum
1379 1337 1460 1430 opti·

405 1469 465 1512 mae
477 1441 594 1512 indolis
603 1442 775 1534 juventus,
785 1441 939 1512 detractis
952 1467 1112 1537 equorum
1125 1442 1241 1529 frenis,
1251 1442 1460 1510 vehementer

403 1573 459 1618 eos
481 1548 663 1618 calcaribus
681 1547 879 1634 stimulatos,
897 1550 930 1617 in
950 1548 1104 1618 adversos
1125 1549 1286 1618 Samnites
1304 1549 1388 1642 egit,
1404 1548 1459 1616 ob·

403 1657 586 1748 stinatuque
600 1655 700 1722 animi
718 1657 889 1749 praesentia
907 1669 1070 1724 extortam
1086 1653 1236 1724 manibus
1251 1653 1397 1722 hostium
1414 1655 1459 1721 vi·

403 1763 561 1845 ctoriam,
583 1775 616 1828 et
638 1786 714 1829 cum
737 1784 776 1828 ea
797 1785 886 1856 spem
908 1762 1040 1831 maximi
1065 1743 1166 1831 civis³
1188 1759 1334 1828 Rulliani
1352 1761 1460 1856 patrie

403 1879 551 1934 restituit.

463 1995 517 2041 10.
543 1971 658 2060 Qualis
679 1959 815 2040 deinde⁴
835 1971 962 2041 roboris
983 1971 1028 2042 illi
1050 1970 1184 2058 milites,
1206 1975 1262 2068 qui
1278 1971 1460 2041 vehementi

405 2079 472 2146 ictu
491 2103 658 2146 remomm
682 2080 880 2146 concitatam
903 2077 989 2174 fugae
1007 2081 1161 2172 punicam
1176 2075 1330 2160 classem,
1349 2093 1460 2148 nantes

406 2182 531 2252 lubrico
547 2182 670 2277 pelagi,
682 2186 773 2276 quasi
788 2208 983 2279 camporum
1002 2183 1174 2271 firmitate,
1188 2183 1313 2278 pedites
1329 2187 1362 2253 in
1376 2183 1457 2252 littus

405 2287 632 2357 retraxerunt?
1505 2287 1507 2293 ’

465 2417 519 2461 11.
548 2392 702 2485 Ejusdem
730 2381 905 2490 temporis⁵
923 2411 957 2465 et
979 2411 1065 2466 notae
1090 2395 1201 2484 miles,
1222 2397 1279 2490 qui
1310 2395 1461 2465 cannensi

406 2603 478 2656 Flor.
494 2601 603 2666 111,2;
618 2599 728 2667 Strabo,
745 2603 912 2655 1V.-1n·e·
999 2605 1024 2656 3.
1056 2604 1162 2658 Marini
1184 2607 1250 2658 esee.
1273 2605 1372 2656 Filium
1392 2603 1461 2656 Fabii

408 2683 532 2742 cederent,
551 2684 633 2734 urcerte'
646 2675 851 2752 abierunt.'Pigla.
867 2702 913 2734 ro·
957 2683 1084 2748 Maximis
1112 2683 1185 2736 huuc
1208 2685 1309 2747 etiam,
1330 2681 1404 2754 quod
1422 2684 1462 2734 vir

406 2763 480 2814 cibus
499 2761 656 2833 permutatis
680 2759 754 2814 dedit
776 2780 782 2814 :
804 2762 911 2823 abirent,
957 2763 1059 2814 eximin
1073 2763 1178 2816 virtutis
1194 2775 1276 2826 esset,
1295 2775 1322 2815 et
1342 2781 1397 2814 uon
1414 2780 1462 2813 no·

407 2846 490 2894 incerti
499 2843 662 2894 discesserunt.
673 2841 770 2894 Nostra
785 2841 843 2894 lect.
859 2859 915 2892 om·
958 2841 1103 2894 minaretur
1117 2853 1218 2896 tantum
1230 2843 1463 2908 Maximus,mr'·

407 2921 480 2977 nium
492 2919 570 2975 codd.
586 2921 739 2974 auctoritate
749 2921 852 2973 nititur.
957 2939 1019 2972 mum
1035 2927 1107 2974 civem
1122 2935 1207 2974 vocat.

451 3021 476 3054 1.
496 3001 620 3054 Strenuus.
639 3003 690 3054 An.
713 3001 746 3053 U.
767 3007 832 3069 4²9·
854 2999 912 3052 Liv.
999 3007 1025 3064 4.
1035 3002 1138 3054 Deinde.
1146 3001 1223 3072 Pigh.
1231 3000 1462 3060 exhibendam,-

407 3081 541 3146 v111,30.
553 3078 915 3152 —Magueerequr'tumdice-
957 3091 983 3132 et
998 3093 1087 3134 nostra
1100 3081 1179 3134 lectio
1198 3099 1246 3152 per
1261 3079 1339 3134 codd.
1363 3079 1463 3132 firmior

408 3161 501 3226 hatur,
514 3161 566 3212 hoc
581 3173 633 3225 eat,
649 3160 793 3230 eligebatur
807 3156 914 3212 adicta·
958 3172 1005 3211 eet.
1030 3191 1064 3201 —
1080 3161 1167 3228 Fugee.
1186 3161 1217 3212 In
1241 3179 1319 3232 quum
1336 3159 1461 3230 compulsi

408 3237 913 3312 tore,etpraeeratequitibus;dictator,
958 3251 1044 3290 sunta
1059 3240 1159 3292 Duillio
1170 3240 1257 3310 priano
1273 3239 1342 3292 bello
1358 3240 1461 3310 punico

407 3318 915 3390 cujusmagistratussemestriaerat,le·
958 3319 1009 3370 An.
1026 3318 1094 3370 Urb.
1117 3319 1171 3372 535
1192 3319 1306 3372 circiter.
1323 3319 1422 3391 Guyet.
1440 3329 1463 3368 et

407 3399 529 3470 gionibus
536 3438 544 3462 ,
556 3399 637 3455 immo
646 3399 769 3450 universo
777 3396 913 3450 exercitui.
958 3395 1030 3450 Gud.
1055 3399 1148 3450 malint
1168 3417 1229 3450 caan
1243 3410 1316 3452 sexto
1331 3400 1415 3467 suga,
1438 3393 1462 3447 id

450 3500 474 3532 a.
498 3481 578 3548 Quum
596 3489 686 3530 temere.
702 3476 794 3528 Liuius
809 3477 913 3528 refert:
959 3488 997 3530 est
1020 3476 1138 3548 largiendi
1165 3477 1262 3532 studio.
1284 3477 1365 3542 Quod
1395 3474 1462 3530 haud

410 3557 542 3623 Fabium,
569 3555 642 3628 quod
666 3576 713 3628 per
738 3556 915 3626 exploratores
958 3555 1462 3627 spernendum-LubricaMnltiMSS.

409 3633 714 3708 comperisset,perinde
727 3636 816 3688 omnia
830 3635 915 3688 soluta
959 3634 1072 3696 lubricis,
1092 3637 1192 3706 aliquot
1218 3637 1308 3688 nanae
1335 3633 1463 3688 Torrenio

410 3733 464 3768 esse
484 3715 553 3787 apud
574 3717 677 3782 hostes,
699 3733 728 3768 ac
741 3716 762 3766 ai
782 3732 861 3766 nemo
874 3731 916 3766 ro·
958 3715 1044 3785 placet
1059 3715 1164 3768 ludricis.
1179 3747 1218 3758 -
1230 3716 1309 3784 (lausi
1322 3731 1461 3784 camporum

410 3813 501 3846 manua
519 3797 546 3847 in
560 3796 666 3848 Samnio
679 3807 759 3858 esset,
771 3794 915 3846 exercitum
958 3793 1105 3865 Tamquam
1119 3795 1241 3848 cusentin
1250 3794 1398 3848 continenti
1414 3806 1463 3845 ter·

410 3875 570 3928 instruxisse.
586 3874 638 3928 Sed
652 3875 680 3928 in
695 3893 727 3927 eo
741 3874 913 3926 temeritatem
958 3873 1220 3945 ra.Maluntquidem
1232 3873 1353 3928 nonnulli
1361 3873 1465 3924 bruchio·

411 3954 503 4024 ponit,
516 3952 588 4024 quud
603 3955 676 4007 ferox
689 3953 839 4006 adolescens
848 3951 916 4004 indi·
959 3971 1010 4004 rum
1025 3973 1074 4024 pro
1093 3971 1243 4024 camporum
1262 3952 1306 4008 sed
1318 3969 1462 4024 perperam.

411 4033 509 4102 gnitate
527 4034 560 4085 sit
578 4051 713 4100 accensus,
735 4031 807 4106 quod
827 4032 916 4085 omnia
1001 4034 1026 4085 5.
1038 4033 1152 4103 Ejusdem
1166 4037 1282 4105 temporie.
1294 4035 1343 4086 An.
1355 4031 1389 4084 U.
1400 4031 1464 4099 537.

409 4113 438 4166 in
449 4110 720 4166 dictatorevideretur
730 4113 914 4181 essereposita.
959 4113 1017 4165 Liv-
1034 4113 1240 4176 xx11,51.-
1255 4113 1385 4166 Cannensi.
1402 4111 1468 4164 Cau·
