3190 5122
393 465 467 540 288
576 459 797 532 VALERII
832 457 1040 528 ΜΑΧΙΜΙ
1075 459 1170 528 LIB.
1204 455 1271 530 IV.

390 611 543 670 senatum
556 591 755 689 legationem
771 589 950 678 referrent,
966 587 1156 660 detulerunt
1170 616 1178 658 :
1197 589 1239 660 de
1252 589 1387 685 publico
1401 592 1456 664 soi»

391 705 469 776 licet
483 701 665 772 ministerio
683 697 764 768 nihil
779 699 952 792 cuiquam,
971 711 1091 791 praeter
1109 695 1239 766 laudem
1254 697 1340 768 bene
1355 699 1456 769 admi·

392 812 521 882 nistrati
539 807 657 896 officii,
676 805 833 877 accedere
851 805 972 874 debere
987 803 1182 896 judicantes.
1202 807 1276 874 lam
1298 805 1378 876 illud
1397 807 1455 876 hu·

392 918 560 988 manitatis
573 929 720 1002 senatus,
737 929 770 982 et
785 927 918 982 attentae
932 909 1094 1004 majorum
1109 909 1289 1005 disciplinae
1302 912 1456 984 indicium

392 1041 452 1096 est.
471 1027 559 1094 Data
578 1036 656 1092 sunt
667 1022 755 1092 enim
773 1019 903 1115 legatis,
919 1044 991 1112 quae
1009 1020 1043 1086 in
1058 1020 1209 1086 aerarium
1225 1037 1456 1114 reposuerant,

370 1217 375 1230 Ι
393 1158 461 1203 non
476 1129 582 1202 solum
602 1145 734 1224 patrum
753 1129 1017 1221 conscriptorum
1034 1123 1184 1212 decreto,
1205 1125 1262 1194 sed
1281 1128 1381 1196 etiarn
1396 1154 1455 1222 po-

393 1239 463 1335 puli
479 1239 658 1334 permissu:
675 1259 779 1328 eaque
794 1232 909 1328 legatis
922 1247 1100 1326 quaestores
1114 1247 1268 1327 prompte
1281 1235 1456 1328 unicuique

391 1345 641 1420 distribuerunt.
665 1344 717 1410 lta
738 1343 772 1410 in
792 1340 906 1410 iisdem
931 1338 1096 1410 Ptolemaei
1115 1337 1307 1427 liberalitas,
1323 1339 1454 1436 ¹legato·

391 1479 467 1524 rum
487 1451 702 1533 abstinentia,
719 1461 850 1518 senatus
865 1472 903 1516 ac
919 1445 1034 1542 populi
1054 1447 1182 1514 romani
1198 1449 1350 1540 aequitas,
1368 1447 1456 1518 debi-

392 1575 460 1630 tam
478 1555 657 1656 probabilis
676 1554 753 1626 facti
774 1555 959 1650 portionem
981 1553 1132 1622 obtinuit

450 1693 508 1738 ιο.
527 1664 704 1732 Fabiorum
728 1676 761 1730 et
782 1661 917 1756 Ogulnii
937 1660 1147 1730 continentia
1161 1657 1381 1754 Calpurnium
1402 1663 1456 1730 Pi-

391 1771 524 1846 soncm¹
541 1773 575 1840 in
594 1767 755 1839 consimili
769 1791 889 1864 genere
903 1764 1009 1836 laudis
1027 1763 1182 1836 aemulum
1202 1765 1301 1856 luisse
1316 1793 1369 1842 res
1387 1770 1454 1863 ipsa

391 1883 592 1952 documento
607 1891 665 1946 est.
681 1872 825 1962 Consul,
847 1875 939 1970 gravi
958 1871 1173 1968 fugitivorum
1190 1871 1277 1942 bello
1295 1898 1315 1941 a
1331 1899 1366 1944 se
1383 1873 1455 1944 libe

390 2003 463 2058 rata
490 1984 616 2072 Sicilia,
638 2009 711 2072 eos,
738 2006 880 2078 quorum
908 1981 1074 2076 praecipua
1096 2004 1197 2074 opera
1224 2005 1302 2048 usus
1329 1980 1454 2068 fuerat,

389 2095 603 2191 imperatorio
624 2115 717 2160 more
738 2089 833 2158 donis
853 2087 1124 2183 prosequebatur.
1142 2090 1236 2156 Inter
1252 2111 1336 2182 quos
1351 2086 1454 2158 lilium

390 2228 486 2272 suum
505 2200 585 2270 locis
611 2197 736 2290 aliquot
753 2193 935 2290 praeliatum
955 2193 1146 2280 fortissime,
1169 2191 1264 2262 titulo
1284 2195 1388 2262 trium
1414 2193 1452 2264 li-

389 2308 524 2378 brarum
545 2329 652 2372 aureae
668 2328 799 2372 coronae
818 2301 1005 2386 decoravit3
1024 2299 1197 2395 praefatus,
1214 2324 1283 2368 noo
1298 2318 1454 2396 oportere

388 2438 412 2482 a
430 2417 634 2506 rnogt'strutu
651 2436 671 2476 e
679 2407 823 2504 publico
838 2411 987 2502 pecunia
1000 2411 1155 2500 erogari,
1179 2405 1277 2500 quod
1292 2412 1327 2476 in
1347 2413 1453 2504 ipsius

387 2519 522 2589 domum
552 2513 734 2583 rediturum
761 2529 880 2580 esset:
904 2529 1099 2606 tantumque
1119 2512 1273 2606 ponderis
1296 2538 1331 2582 sc
1350 2529 1450 2584 testa·

387 2639 501 2694 mento
516 2620 715 2690 adolescenti
731 2617 916 2714 legaturum
933 2619 1099 2714 promisit,
1118 2633 1156 2687 ut
1169 2617 1332 2688 bonorem
1351 2603 1452 2714 publi·

388 2758 425 2803 oe
445 2757 464 2800 a
484 2729 586 2816 duce,
608 2729 750 2822 pretium
771 2751 791 2793 a
812 2741 905 2820 patre
926 2725 1080 2820 privatim
1099 2723 1286 2854 reciperet².

445 2863 502 2910 11.
517 2839 604 2930 Age,
620 2835 647 2904 si
660 2832 733 2928 quis
751 2833 815 2902 boc
833 2831 943 2901 seculo
962 2833 1013 2900 vir
1030 2829 1163 2900 illustris
1195 2830 1336 2925 pellibus
1351 2831 1451 2902 baidi·

385 2948 436 3015 nis
451 2969 513 3041 pro
531 2940 683 3037 stragulis
697 2954 828 3026 utatur,
841 2939 1011 3032 tribusque
1026 2939 1129 3006 servis
1144 2939 1320 3008 comitatus
1335 2941 1450 3033 Hispa·

243 3117 250 3134 ,
329 3135 331 3138 Ι
386 3055 474 3122 niam
496 3063 606 3146 regat,
633 3061 667 3116 et
684 3047 939 3142 quingentorum
959 3047 1079 3112 assium
1100 3059 1235 3140 sumptu
1255 3047 1449 3114 transmari-

428 3279 452 3314 r.
469 3259 626 3329 Calpurnium
639 3255 764 3314 Pisonem,
780 3265 829 3306 etc.
845 3254 894 3306 An.
980 3251 1007 3304 3.
1024 3251 1052 3301 V
1050 3255 1072 3304 ir
1082 3251 1191 3306 illustris.
1204 3254 1255 3306 An.
1270 3253 1304 3305 U.
1315 3253 1380 3308 558.
1391 3253 1448 3307 Lir.

385 3342 420 3394 U.
434 3345 502 3394 διο.
516 3336 633 3400 Plinius,
645 3333 779 3396 xxxltl,
794 3352 818 3384 a.
830 3330 894 3385 Vid.
939 3332 1062 3398 mlh
1083 3332 1152 3386 Plio.
1176 3333 1261 3399 xlv,
1283 3332 1332 3396 13;
1357 3333 1447 3388 Front.

384 3416 705 3490 quoquesuprall,7,9.
717 3411 893 3483 Calpurnius,
938 3412 995 3476 IV,
1011 3413 1046 3476 3,
1071 3430 1102 3476 ις
1121 3413 1161 3464 De
1177 3411 1278 3466 Catone
1301 3431 1389 3466 sermo
1410 3425 1448 3466 est

384 3517 468 3568 quum
477 3500 504 3550 in
514 3497 584 3550 bello
598 3494 770 3566 lugitivorum
784 3492 894 3562 proriu-
937 3493 1133 3564 majore,quum
1142 3492 1290 3546 Celtiberos
1297 3491 1446 3559 devicisset,

384 3577 452 3629 ciam
463 3576 578 3630 Siciliam
590 3575 738 3638 obtineret,
751 3590 831 3643 quam
844 3571 893 3624 Lx
937 3583 964 3624 et
979 3584 1042 3624 tunc
1056 3583 1137 3624 totam
1152 3573 1317 3642 provinciam
1332 3570 1445 3624 admini-

384 3656 608 3708 milliaservorum
616 3650 894 3724 occupaverant,libe·
936 3643 1378 3724 strare't.—-Soogulis.8tmgulum
1387 3665 1446 3704 erat

383 3749 439 3788 rata
454 3735 607 3807 provincia,
622 3751 714 3786 omnes
729 3745 850 3784 suenuoa
866 3743 893 3783 et
936 3731 1153 3802 tapetum‚vestis
1161 3730 1283 3802 quodam
1291 3732 1446 3795 versicolor,

383 3816 452 3868 hene
464 3815 571 3866 meritos
585 3813 681 3866 milites
692 3811 769 3864 donis
778 3810 890 3864 ornavit.
935 3811 1031 3880 quibua
1046 3823 1146 3864 veteres
1161 3811 1189 3863 in
1203 3811 1352 3866 sternendis
1373 3812 1445 3865 lectis

426 3915 452 3948 a.
473 3895 602 3963 Receperat.
616 3893 725 3964 Pighius
739 3889 814 3944 dedit
827 3894 890 3942 occi·
935 3891 1086 3943 utebantur.
1108 3892 1147 3942 Ita
1160 3889 1232 3962 apud
1248 3891 1340 3946 Seuec.
1362 3891 1445 3964 Epist.

381 3986 463 4042 perer,
481 3985 577 4043 preter
597 3972 793 4036 necessitatem,
808 3989 891 4041 quum
936 3971 972 4039 87
987 3981 1047 4041 post
1062 3971 1121 4025 init.
1140 3997 1151 4018 ·
1163 3971 1202 4024 Ex
1218 3970 1321 4024 duabus
1334 3971 1446 4042 penulis

384 4055 484 4119 recipere
497 4051 637 4120 sepissime
650 4069 700 4120 pro
715 4053 834 4120 occipere,
849 4062 889 4102 at·
936 4050 1016 4102 altera
1029 4051 1173 4122 smgulum
1186 4051 1268 4106 altera
1280 4053 1444 4123 opertorium

384 4147 435 4200 que
447 4129 506 4198 ipso
519 4129 597 4180 etiam
610 4147 692 4196 capere
705 4140 828 4197 ponatur.
936 4141 983 4181 est.
995 4155 1006 4176 ι
1023 4161 1063 4176 -
1079 4129 1218 4202 Tribusque.
1231 4132 1390 4186 Plutarchus
1404 4129 1444 4184 illi
