3190 5122
272 542 380 610 CAP.
409 539 532 626 VIII,
559 539 628 606 DE
655 539 1058 610 LIBERALITATE.
1123 541 1196 640 327

133 671 236 770 praelii
253 671 424 767 reliquias,
442 671 675 765 benignissime
693 671 780 740 intra
802 673 970 742 Canusina
990 675 1112 744 moenia
1140 675 1198 744 ali·

134 781 252 850 mentis
266 778 476 864 sustentavit,
491 777 583 846 salvo
594 792 706 846 tamen
720 793 808 848 statu
824 778 1033 849 fortunarum
1046 805 1203 869 suarum,·

134 885 325 956 munificam
343 910 378 954 se
397 881 522 980 populo
541 907 680 952 romano
701 886 876 978 praestitit:
898 885 1018 956 Fabius
1038 888 1072 956 iu
1090 889 1197 958 hono·

134 1017 204 1062 rem
221 993 357 1087 patriae,
376 1003 607 1086 paupertatem
628 991 739 1084 inopia
756 993 905 1060 mutavit.

189 1097 221 1169 3.
250 1103 292 1168 In
314 1099 356 1189 Q.
381 1122 514 1193 quoque
535 1095 712 1166 Considio¹
739 1096 945 1166 saluberrimi
963 1095 1119 1194 exempli,
1135 1125 1197 1172 nec

134 1207 204 1274 sine
232 1230 336 1300 parvo
362 1206 465 1300 ipsius
496 1202 628 1289 fructu,
654 1201 831 1274 liberalitas
858 1218 1016 1274 annotata
1042 1220 1092 1275 est
1112 1233 1120 1274 :
1140 1210 1198 1302 qui

135 1310 285 1382 Catilina
306 1312 419 1382 furore
437 1312 482 1380 ita
504 1323 714 1382 consternata
732 1307 920 1405 republica,
943 1325 982 1382 ut
1004 1335 1046 1380 ne
1069 1311 1199 1384 alocu-

134 1417 278 1514 pletibus
296 1417 430 1537 quidem
449 1417 567 1486 debitae
580 1417 744 1510 pecuniae,
758 1431 895 1510 propter
909 1415 1108 1486 tumultum²
1124 1443 1198 1517 pre·

135 1527 189 1595 tiis
211 1527 454 1620 possessionum
480 1522 665 1608 diminutis,
691 1518 774 1589 solvi
799 1521 1016 1592 creditoribus
1040 1540 1199 1620 possent;

134 1657 238 1726 quum
260 1633 383 1700 centies
404 1643 504 1721 atque
521 1628 736 1756 quinquagies
750 1630 796 1696 H
798 1629 831 1696 S
846 1652 1010 1698 summam
1025 1631 1060 1696 in
1073 1627 1200 1700 foenore

135 1737 292 1821 liaberet,
313 1759 421 1828 neque
439 1734 480 1802 de.
500 1717 607 1802 sorte³
628 1757 828 1828 quemquam
842 1734 1030 1804 debitorum
1046 1761 1201 1825 suorum,

134 1868 244 1962 neque
266 1842 307 1910 de
324 1864 424 1910 usura
441 1863 461 1908 a
479 1841 546 1908 suis
563 1839 721 1934 appellari
744 1864 860 1934 passus
877 1854 954 1910 est:
974 1856 1202 1980 quantumque

135 1951 264 2040 inipso
285 1947 366 2031 fuit,
390 1945 642 2015 amaritudinem
666 1944 807 2040 publicae
828 1935 1050 2016 οοιιΐιιείοιιιε4
1070 1950 1201 2044 privata

137 2052 373 2146 tranquillitate
397 2053 587 2146 mitigavit:
606 2067 795 2146 opportune
820 2052 1023 2183 mirificeque
1043 2069 1202 2144 testatus,

103 2229 104 2234 ,
138 2184 352 2228 nummorum
371 2184 524 2278 suorum,
544 2183 611 2226 non
633 2157 736 2228 civilis
751 2144 949 2253 sanguinis⁵‚
968 2185 1002 2230 se
1017 2185 1088 2230 esse
1101 2161 1202 2232 smne-

138 2280 293 2334 ratorem.
309 2269 383 2334 lam
389 2267 468 2360 ,qui
486 2289 575 2333 nunc
594 2265 758 2360 praecipue
775 2267 998 2360 negotiatione
1002 2251 1202 2336 ⁶-delcctan

139 2387 212 2460 tur,
236 2397 340 2466 quum
362 2373 536 2466 pecuniam
555 2385 728 2440 cruentam
745 2371 882 2442 domum
905 2371 1204 2472 retulerint,quam

139 2564 281 2620 exciderat.
297 2596 334 2608 --
358 2565 650 2620 commaculatum
692 2581 740 2618 seu
751 2565 1005 2630 consternationem,
1019 2583 1079 2638 quse
1091 2567 1120 2622 iu
1132 2566 1202 2624 sodi·

139 2646 243 2717 Apuliae
265 2641 414 2718 oppidum,
429 2645 509 2714 vidgo
533 2643 649 2697 Canossa.
694 2645 1123 2708 tioneessesolet‚utrelexvooe
1133 2659 1202 2699 aaa·

140 2759 180 2768 -
200 2726 335 2779 Alimentr's.
355 2725 514 2787 Frumento,
534 2724 651 2776 vestibus
694 2725 836 2796 quillr'taeb,
852 2742 911 2794 quse
931 2722 1002 2796 apud
1020 2724 1148 2778 Nostrum
1161 2746 1202 2780 se·

140 2817 168 2858 et
194 2805 302 2868 viatico,
326 2823 377 2876 pro
398 2823 451 2876 qua
471 2802 652 2856 munificentie
694 2804 798 2875 quitur,
809 2803 920 2874 intelligi
930 2803 1097 2876 potest.Vide
1106 2807 1203 2872 111‚1,

140 2899 232 2954 postea
251 2885 322 2938 bello
343 2885 461 2955 perlecto
481 2903 497 2936 a
513 2896 605 2936 senatu
627 2882 653 2934 ei
695 2895 747 2936 ert.
762 2901 792 2948 t,
808 2895 834 2936 et
845 2883 896 2949 IV,
911 2895 1006 2953 7,ext.
1023 2903 1048 2936 a.

141 2966 256 3018 bonores
270 2964 363 3018 habiti.
737 2963 762 3016 5.
781 2962 864 3016 Civilis
876 2965 1008 3032 sufflabo.
1019 2961 1133 3016 Civilem
1144 2983 1204 3017 san·

187 3064 212 3097 ι.
223 3043 344 3096 Considio.
354 3045 405 3096 An.
414 3043 449 3096 U.
458 3046 525 3111 690.
535 3042 569 3108 Q.
582 3041 654 3095 Con·
694 3042 801 3114 guinem
812 3043 944 3114 appellare
955 3041 1062 3095 ridetur
1070 3043 1205 3098 facultates

141 3121 337 3176 sidiirneminit
350 3123 444 3193 sapius
458 3123 561 3176 Cicero.
695 3123 793 3175 civium
815 3121 1000 3175 obseratorum.
1020 3121 1064 3175 Sic
1085 3123 1142 3176 Cic.
1162 3143 1204 3195 pr.

188 3221 213 3252 ι.
226 3203 330 3271 Propter
339 3200 543 3254 tumultumvide
549 3201 652 3254 Sallust.
696 3202 837 3270 Quinctio,
848 3220 871 3254 c.
883 3220 915 3254 ιι
928 3219 935 3254 :
952 3227 963 3249 ι
972 3201 1104 3268 Fateatur,
1111 3221 1139 3256 se
1151 3221 1206 3256 uon

144 3281 223 3336 Catil.
232 3299 255 3334 c.
270 3299 316 3350 ²7·
696 3281 849 3353 pecuniam,
864 3279 910 3334 scd
923 3282 1005 3335 vitam
1017 3293 1044 3334 et
1052 3283 1207 3355 sangumem

188 3361 216 3414 3.
224 3361 265 3412 De
274 3373 345 3413 sorte.
357 3362 397 3412 De
407 3377 437 3412 ee
447 3377 562 3424 summa,
574 3379 655 3431 quam
695 3374 811 3433 petere·
821 3361 908 3414 Greci
913 3378 1020 3432 quoque
1026 3359 1208 3415 eamdemrem

145 3443 203 3512 ipse
217 3439 389 3510 praestiterat,
399 3440 427 3491 in
441 3439 526 3492 foeuns
537 3437 654 3493 dederat.
698 3433 761 3512 αἷμα
774 3441 816 3495 aul
828 3441 903 3512 ψυχὴν
918 3454 1023 3494 vocent.

145 3549 188 3562 --
203 3518 338 3588 Appellat-i.
359 3517 439 3585 Quod
458 3518 588 3570 debitorum
604 3531 655 3584 ειη
738 3525 765 3576 6.
782 3521 961 3591 Negotiatione.
976 3521 1010 3573 Iu
1024 3519 1114 3572 multis
1128 3519 1207 3574 codd.

87 3659 89 3666 Ι
145 3599 654 3670 quummntrecredr'tonrmsitqnpdlore,
698 3599 1209 3673 MSS.legiturnegotione.undeLipslus

144 3696 193 3731 seu
207 3675 354 3730 debiturus
371 3677 491 3731 debitore
506 3679 616 3749 exigere.
698 3681 806 3751 conjicit
818 3683 988 3741 amotione,
1001 3678 1110 3732 Colerus
1120 3680 1209 3732 mndi-

189 3764 214 3820 4.
229 3757 338 3810 Publica
350 3759 503 3825 confiulom's.
519 3758 659 3811 Confusio·
700 3763 807 3821 notione,
829 3759 968 3813 Salmasius
986 3763 1120 3822 secatione,
1136 3757 1210 3830 qnod

146 3856 210 3890 nem
220 3835 336 3890 Colerus
352 3839 540 3909 interpretatur
552 3835 659 3890 seditio·
699 3851 863 3911 postremum
871 3838 1150 3910 placuitrehementer
1157 3840 1211 3890 Ru·

147 3935 209 3970 nem
221 3929 248 3970 et
257 3918 411 3970 tumultum.
421 3918 480 3969 Jsm
490 3917 518 3968 in
529 3915 659 3970 seditione
700 3929 787 3990 perte.
800 3919 970 3990 Negotioabae
981 3931 1053 3972 reete
1066 3918 1164 3972 dicittu
1178 3915 1212 3971 de

147 4011 174 4050 et
182 3997 298 4050 tumultu
308 4010 347 4051 est
354 3995 462 4068 quidem
470 3995 659 4061 conlusl03sed
701 3999 917 4066 funerator-ibus,
931 4011 961 4051 ut
975 3999 1108 4069 eleganter
1119 3995 1212 4050 docuit

148 4075 660 4172 seditioatquetumultusuonsuntipss
702 4077 821 4132 Gronov.
831 4077 909 4132 Obss.
916 4079 957 4130 lv
959 4077 1213 4150 „advidequoque

149 4157 279 4210 conlusio.
298 4158 435 4230 Significat
452 4158 523 4210 enirn
538 4156 660 4211 conlusio
702 4159 808 4212 Ernesti
823 4159 897 4214 Clav.
916 4157 973 4212 cic.
990 4177 1011 4211 s.
1027 4177 1053 4211 v.
1072 4163 1212 4229 negotr'mlo.

150 4235 235 4308 ipsam
251 4237 322 4291 illam
339 4240 420 4293 animi
412 4238 660 4310 'perturbationem
702 4239 883 4294 -Perum'om
896 4250 1024 4293 cusentum.
1036 4238 1128 4305 Quum
1139 4251 1214 4292 vetus

962 4309 1033 4390 21
