3196 5122
380 479 455 552 216
562 481 786 549 VALERII
814 481 1022 549 MAXIMI
1059 481 1153 549 LlB.
1182 483 1257 549 111.

375 611 531 708 ejulatus,
555 611 611 681 sed
634 611 728 681 fortis
750 611 936 682 cohortatio
955 613 1057 682 totius
1072 611 1164 682 urbis
1178 615 1324 683 animum
1342 614 1442 686 fortu-

376 743 519 814 namque
537 720 686 788 mutavit.

431 841 464 914 3.
494 840 670 936 Ejusdem¹
691 845 834 912 nominis
857 841 1093 938 philosophus,
1117 867 1220 938 quum
1245 867 1263 912 a
1285 843 1439 914 Nearcho

376 965 542 1044 tyranno,
565 948 607 1017 de
632 949 726 1043 cujus
750 975 831 1018 nece
854 947 1025 1018 consilium
1056 950 1189 1037 inierat,
1211 963 1439 1043 torqueretur,

263 1115 266 1122 .
377 1054 527 1149 supplicii
551 1056 675 1150 pariter
697 1069 795 1150 atque
813 1053 1065 1124 indicandorum
1089 1057 1298 1124 consciorum
1323 1057 1439 1150 gratia,

377 1159 500 1230 doloris
515 1163 640 1249 victor,
655 1161 712 1230 sed
730 1161 864 1231 ultionis
880 1161 1035 1256 cupidus,
1050 1185 1124 1231 esse
1144 1161 1243 1248 dixit,
1259 1161 1439 1256 quodcum

374 1283 504 1336 secreto
523 1267 642 1336 assalire
665 1267 848 1338 (trimodum
871 1267 1073 1363 expedirem
1095 1265 1287 1362 laxatoque²
1309 1267 1439 1355 eculeo,

375 1389 550 1468 postquam
563 1373 687 1443 insidiis
697 1389 923 1470 opportunum
933 1389 1064 1468 tempus
1074 1373 1320 1456 animadvertit,
1328 1399 1438 1443 aurem

376 1481 445 1573 ejus
457 1505 569 1550 morsu
585 1481 763 1576 corripuit,
782 1505 845 1550 nec
863 1493 940 1548 ante
955 1481 1092 1569 dimisit,
1106 1503 1207 1574 quam
1223 1493 1257 1549 et
1272 1483 1342 1575 ipse
1353 1481 1437 1564 vita,

374 1599 409 1655 et
428 1585 481 1655 illc
501 1587 650 1682 corporis
671 1600 765 1680 parte
785 1587 982 1681 privaretur.

431 1713 465 1794 Δ.
480 1707 568 1778 Talis
577 1709 741 1804 patientiae
750 1707 887 1778 aemulus
899 1695 1145 1797 Anaxarchus³,
1160 1734 1261 1804 quum
1272 1724 1438 1804 styranno

376 1908 459 1963 deret.
471 1909 512 1965 Ita
524 1910 642 1982 primum
656 1909 830 1964 divellebutur
843 1929 885 1963 oa·
929 1911 1050 1982 geutinos
1062 1909 1203 1983 tyrannide
1215 1907 1362 1964 Phalaridis
1374 1909 1438 1963 libe·

376 1990 444 2044 sium
463 2008 616 2062 compages:
633 1989 696 2044 inde
712 1988 886 2044 candentibus
929 2003 1024 2054 rasset,
1046 2009 1061 2042 e
1078 1989 1166 2044 Sicilia
1181 1991 1305 2062 Liparum
1322 1989 1438 2052 transiit,

375 2067 494 2141 ejusdem
516 2071 621 2142 corpori
636 2070 741 2124 laminis
756 2068 886 2130 admotis.
929 2089 1040 2142 eamque
1061 2071 1173 2124 insulam
1190 2089 1204 2121 a
1220 2069 1336 2124 Nearchi
1349 2081 1437 2140 tyran·

376 2161 455 2221 atque
471 2149 578 2204 bisulcis
596 2149 701 2220 ungulis
714 2149 805 2204 ferreis
821 2149 885 2202 late·
929 2147 993 2202 uide
1008 2151 1182 2212 liberaturus,
1196 2149 1313 2202 animam
1328 2149 1441 2220 exspira-

375 2228 450 2281 ribua
465 2229 584 2296 laniatis,
598 2227 699 2282 doloris
719 2229 887 2283 :cerbitatem
928 2229 968 2283 sit
979 2229 1007 2282 iu
1015 2231 1136 2302 equuleo.
1149 2231 1208 2295 Qua
1222 2227 1250 2282 iu
1262 2247 1292 2282 re
1301 2225 1436 2282 acoedoad

376 2308 514 2380 augebant.
928 2312 1084 2364 sententiam
1097 2309 1207 2364 Vorstii.

420 2388 581 2456 1.Ejusdem,
593 2399 643 2441 etc.
653 2387 730 2440 Errat
740 2387 887 2441 ainedubio
972 2407 997 2442 a.
1012 2391 1152 2461 laxatoque
1166 2390 1253 2441 eculeo
1269 2387 1339 2442 Nam
1357 2387 1438 2440 eculei

376 2467 403 2518 iu
413 2465 598 2530 bisValerius;
610 2467 731 2518 aliienim
741 2465 792 2519 boc
800 2466 834 2519 ‹le
846 2487 887 2520 eo·
929 2467 1004 2520 istius
1010 2467 1084 2520 visin
1092 2467 1286 2540 compressione
1294 2480 1373 2538 atque
1379 2485 1440 2520 cou-

376 2543 436 2598 dean
442 2546 797 2599 Zenoneeleatenarrant.V.
807 2547 884 2618 Diog.
930 2549 1067 2601 strictione
1082 2548 1247 2600 consistebat·
1259 2577 1301 2590 -
1315 2547 1438 2617 Opportu-

376 2625 464 2677 Laert.
478 2625 583 2678 Stoicum
596 2637 682 2678 autern
689 2626 812 2677 Zenonem
823 2643 887 2678 cou-
930 2645 987 2678 nusi
1001 2639 1098 2698 tempus.
1113 2627 1145 2678 ln
1162 2627 1246 2678 tribua
1261 2625 1338 2680 MSS.
1352 2637 1441 2696 tenpus

377 2715 439 2766 atat,
451 2722 532 2775 quum
545 2703 578 2756 ad
587 2705 634 2758 XC
647 2705 729 2756 etatis
740 2723 838 2756 annum
849 2705 888 2757 in·
930 2705 1073 2771 omittitur,
1093 2703 1165 2776 quod
1182 2704 1289 2758 Modius
1307 2718 1439 2776 tamquam

377 2783 488 2837 columis
500 2795 527 2836 et
542 2783 599 2836 sine
607 2783 702 2835 morbo
712 2784 886 2854 pervenisset,
930 2783 1056 2855 glossema
1069 2785 1173 2854 rejecit,
1193 2785 1369 2855 probantibus
1381 2785 1440 2837 Gu-

377 2861 728 2936 exiensqueescbola,pede
736 2863 762 2914 in
772 2861 885 2934 lapidem
930 2861 1439 2935 dioetPeriaouio.Torreuiuaprovocat

377 2941 461 3010 illiso,
476 2941 589 3014 digitum
600 2942 779 3014 perfregisset,
792 2944 886 2996 voluu-
931 2941 964 2996 ad
980 2943 1083 2996 Sallust.
1097 2943 1222 3014 Jugnrth.
1233 2963 1258 2996 c.
1273 2943 1319 2996 to.

377 3022 445 3076 tario
460 3023 569 3093 periisse
586 3023 696 3088 morbo,
707 3020 741 3074 de
754 3025 830 3094 cujus
843 3041 886 3095 gs·
972 3021 995 3076 3.
1011 3023 1182 3076 Ammius.
1198 3023 1260 3075 Fuit
1273 3021 1381 3076 natione
1393 3023 1440 3074 ab·

376 3119 441 3155 uere
453 3121 507 3154 nou
519 3101 687 3156 consentiunt
697 3102 846 3172 scriptores.
860 3135 888 3146 -
930 3101 1037 3155 derites.
1055 3102 1149 3156 Cicero
1162 3103 1240 3156 Tusc.
1255 3119 1300 3174 qu.
1319 3121 1353 3155 aa
1364 3139 1372 3165 ‚
1387 3103 1440 3154 Da·

377 3180 498 3233 Nearcho.
512 3181 591 3234 Istius
600 3180 762 3234 mentionem
774 3193 800 3234 et
810 3182 886 3254 niog.
932 3185 1075 3243 uccericium,
1090 3195 1223 3254 umquam
1234 3181 1381 3234 Democriti
1393 3181 1439 3234 ab·

377 3261 497 3314 Laertius
511 3260 604 3332 injicit.
620 3257 701 3312 Addit
715 3271 814 3324 tamen,
824 3261 888 3314 alios
931 3259 1022 3314 derite
1044 3261 1193 3315 auditorem
1214 3273 1241 3314 et
1261 3271 1439 3326 sectatorem,

378 3357 539 3404 memorare,
554 3340 592 3404 ei,
603 3357 682 3410 quem
691 3339 788 3392 zanoe
800 3339 888 3393 medio
931 3357 993 3393 eum
1004 3355 1089 3395 vocat.
1105 3341 1182 3394 Cout‘.
1196 3339 1265 3393 Plin.
1274 3341 1342 3404 vu,
1351 3359 1376 3394 c.
1388 3341 1439 3405 23;

377 3419 472 3473 tollere
485 3419 613 3485 soluerit,
624 3437 721 3471 nomen
734 3419 812 3472 fuisse
824 3421 887 3472 Dio·
931 3419 1026 3473 AEliaaa.
1041 3421 1095 3484 lx,
1110 3421 1136 3473 3.
1152 3419 1232 3486 Quod
1246 3417 1279 3472 ad
1293 3431 1439 3482 tormenta,

377 3497 710 3552 monstVidsaurautsm
719 3499 887 3569 liparitano·
931 3517 990 3570 que
1008 3512 1132 3572 expertus
1148 3513 1199 3565 est,
1217 3501 1329 3564 attinet,
1350 3499 1439 3552 scribit

377 3595 437 3629 rum
450 3579 529 3632 inisse
549 3591 686 3650 tymnuus.
706 3577 803 3630 Narrat
815 3579 886 3630 euim
930 3579 1065 3644 laertius,
1081 3581 1109 3632 iu
1130 3597 1275 3634 concavum
1292 3597 1385 3634 nuum
1398 3579 1438 3630 iu·

376 3655 496 3712 Laertius
507 3657 672 3712 :Nearchum
681 3657 847 3730 inquisivisse
853 3655 888 3711 de
929 3659 1044 3730 jectum,
1055 3677 1085 3712 ac
1092 3659 1183 3712 ferreis
1190 3659 1288 3712 malleis
1298 3672 1439 3712 contiacum

377 3737 473 3802 armis,
500 3739 607 3808 quasin
629 3737 741 3792 insulam
763 3737 886 3808 Liparam
932 3737 1439 3798 fuisse‚etnibilominusdixisae:srsie·

377 3815 449 3868 Zeno
468 3817 604 3871 invexerit.
631 3819 685 3870 Aut
704 3817 732 3868 in
757 3816 831 3889 priua
852 3815 886 3870 de
932 3824 1008 3871 osric
1021 3811 1287 3889 Ᾰναξάρχουθὺλων,
1300 3809 1438 3886 lusitanis

377 3893 516 3950 Phalaride
536 3895 648 3950 narratis
672 3897 760 3969 lapsus
782 3909 821 3949 est
837 3913 886 3968 per
930 3891 960 3949 ii
977 3901 1003 3950 si
1019 3897 1144 3958 stairruc.
1157 3898 1264 3950 Laertio
1276 3909 1356 3962 teste,
1368 3897 1436 3950 Aua·

376 3991 493 4028 errorem
505 3977 644 4042 Valerius,
660 3990 705 4029 aut
727 3977 764 4030 sic
779 3995 821 4029 res
836 3994 886 4047 po·
930 3979 1033 4029 :anian
1041 3996 1102 4030 cum
1111 3975 1261 4030 Alexandro
1271 3987 1438 4030 conversatus

377 4063 428 4104 test
445 4055 585 4125 explicari:
603 4057 694 4122 Quum
711 4057 780 4110 iortc
800 4057 885 4120 Zeno,
931 4069 978 4110 est.
994 4057 1137 4128 Quumque
1154 4054 1297 4128 aliquando
1312 4071 1438 4110 unacum

377 4143 551 4202 tyrannorum
559 4134 887 4206 boatisaceraimus,hgri·
932 4135 1102 4200 Nicocreonte,
1121 4136 1204 4209 Cypri
1219 4149 1348 4210 qmuuo,
1370 4130 1437 4207 apud
