3218 5128
402 487 448 558 32
603 483 826 552 VALERII
860 479 1067 548 MAXIMI
1104 477 1199 546 Ltn.
1234 479 1259 544 1.

399 619 499 713 spicia
520 616 609 685 domi
632 615 739 710 prima
763 611 836 682 luce
860 613 954 707 petiit
976 636 984 678 τ
1004 633 1077 704 quar
1100 607 1145 678 illi
1173 631 1332 704 perquam
1358 611 1465 678 tristia

399 723 649 818 responderunt.
675 722 759 809 Nam
780 719 882 812 janua
899 741 1070 813 egressus,
1087 717 1133 784 ita
1155 715 1273 810 pedem
1297 713 1464 801 ollendit,

400 845 438 898 ut
457 829 579 922 digitus
600 829 630 896 ei
648 822 891 894 decuterctur¹:
910 838 978 893 tres
996 821 1113 892 deinde
1132 823 1244 908 corvi,
1264 823 1299 889 in
1315 845 1392 890 eum
1409 821 1464 889 ad-

399 959 531 1002 versum
550 934 752 1016 occinentes,
771 945 899 1025 partem
924 927 1042 1025 tegulae
1062 928 1234 997 decussam
1255 941 1331 996 ante
1352 928 1461 1022 ipsunt

398 1038 624 1136 propulerunt
655 1037 785 1127 Quibus
817 1035 971 1106 omnibus
1001 1035 1228 1128 contemptis,
1258 1058 1277 1100 a
1306 1035 1462 1127 Scipione

399 1148 521 1216 Nasica
540 1145 695 1239 pontifice
716 1145 858 1212 maximo
882 1142 1037 1211 decussus
1066 1138 1247 1234 Capitolio,
1273 1139 1460 1264 smgmento

399 1251 571 1322 subsellii
562 1265 645 1320 ictus
663 1249 847 1344 procubuit.

454 1357 486 1428 3.
506 1359 542 1424 Ρ.
558 1354 713 1426 Claudius
731 1353 817 1425 bello
835 1355 959 1474 punico
975 1356 1099 1448 primo,
1116 1377 1218 1448 quum
1241 1349 1388 1448 praelium
1405 1375 1462 1418 na·

398 1463 471 1534 vale
489 1464 694 1532 committere
707 1460 806 1529 vellet
813 1462 1045 1580 ,auspiciaque
1062 1483 1154 1528 more
1172 1458 1334 1550 majorum
1348 1457 1455 1550 petiis·

398 1585 465 1658 set,
484 1565 1008 1663 etpullarius²nonexi1ecavee
1027 1563 1134 1660 pullos
1151 1565 1346 1644 nuntiasset,
1348 1563 1456 1692 abjici

399 1701 455 1745 eos
467 1701 500 1744 rn
511 1697 601 1744 mare
611 1673 723 1766 jussit,
733 1673 858 1742 dicens:
874 1674 1070 1762 «Quraesse
1081 1669 1215 1758 nolunt
1224 1653 1370 1738 bibant³.
1382 1671 1455 1736 »Et

399 1785 436 1850 L.
454 1782 634 1868 Junius‚P.
652 1777 780 1849 Claudii
797 1777 939 1873 collega,
956 1777 1111 1873 neglectis
1131 1777 1302 1870 auspiciis,
1319 1773 1452 1844 classem

398 1900 590 1982 tempestate
617 1887 732 1955 amisit.
756 1885 907 1973 Quorum
934 1883 987 1953 ille
1012 1881 1125 1978 populi
1146 1881 1270 1976 judicio
1290 1881 1454 1964 concidit,

393 1994 677 2088 damnationisque
686 1992 741 2060 bic
752 1991 964 2085 ignominiam
974 1989 1160 2059 voluntaria
1171 2001 1276 2057 morte
1286 1989 1452 2083 praevenit.

399 2188 459 2240 liter
481 2186 551 2240 inter
569 2186 639 2240 cives
662 2183 854 2238 dividerentur.
877 2185 905 2238 Si
948 2197 995 2256 pto
1011 2181 1180 2250 desisterent,
1198 2183 1363 2236 hortabatur.
1374 2180 1452 2248 Quod

399 2267 458 2336 quis
468 2277 554 2317 autem
567 2265 617 2316 bec
629 2266 731 2316 ratione
744 2264 815 2334 plebi
833 2265 903 2316 lave·
947 2267 969 2316 si
982 2277 1074 2318 eontra
1088 2263 1158 2316 avidi
1171 2276 1198 2316 et
1211 2263 1331 2316 certatim
1344 2281 1451 2334 prorue·

398 2357 452 2408 ret,
466 2362 569 2414 semper
583 2344 611 2394 in
621 2343 795 2414 suspicionem
807 2339 845 2395 est
856 2363 903 2394 vo·
946 2358 1006 2397 rent
1030 2356 1056 2397 et
1081 2343 1302 2415 depascerentur,
1328 2359 1449 2414 prospera

399 2436 488 2488 catus,
505 2423 578 2493 quasi
600 2423 674 2493 regni
695 2421 817 2492 potiundi
838 2435 903 2474 esset
931 2429 960 2474 'a
981 2421 1033 2476 diis
1062 2423 1152 2475 omnis
1178 2419 1333 2494 spondebat.
1355 2419 1451 2474 Secun-

398 2501 518 2573 eupidus.
530 2502 715 2572 1--Ριιηικιιιν
726 2520 775 2572 pro
790 2521 815 2552 se
826 2521 902 2572 pera-
946 2500 1011 2556 dutn
1026 2503 1181 2556 Ciceronem
1198 2503 1215 2554 l.
1232 2503 1278 2554 cit.
1294 2499 1422 2554 Claudius
1435 2519 1450 2552 a

399 2594 441 2633 ret.
467 2581 636 2646 Duriuscule,
659 2582 804 2652 presertim
819 2599 902 2652 quum
945 2583 1045 2654 populo
1068 2580 1258 2634 condemnatus
1279 2592 1334 2646 est,
1355 2581 1449 2633 lunius

399 2659 901 2732 omniasuoconsilioegeritTib.Grec·
945 2680 1035 2714 necem
1049 2661 1099 2714 sibi
1112 2661 1169 2732 ipse
1179 2661 1316 2714 conscivit.

398 2739 474 2803 ebus,
485 2759 534 2793 nec
541 2739 620 2792 alium
631 2753 763 2792 auctorem
771 2739 900 2794 babuerit.
987 2743 1012 2794 3.
1020 2741 1148 2811 Quiaesse,
1155 2739 1285 2806 ethuod
1294 2737 1402 2810 quidem
1410 2759 1451 2792 cn-

441 2838 465 2871 ι.
474 2817 753 2872 DecrttereturNidetur
761 2831 852 2872 auctor
860 2819 900 2871 lu·
944 2817 1015 2873 dices
1022 2821 1113 2892 legunt
1125 2838 1131 2872 :
1144 2821 1210 2890 Quia
1224 2824 1288 2872 estre
1302 2819 1398 2886 etune,
1411 2820 1450 2872 ὀί-

398 2897 461 2952 dere
474 2899 586 2952 voluisse
599 2900 626 2952 in
639 2918 703 2952 roee
715 2899 822 2951 decutere
828 2919 839 2960 ,·
853 2917 899 2951 ne·
944 2900 1015 2962 bant,
1029 2901 1149 2972 spurium
1162 2913 1213 2963 est,
1225 2913 1252 2952 et
1264 2899 1392 2952 netumin
1405 2918 1448 2952 ce·

397 2997 448 3050 qne
461 2979 532 3031 enim
545 2979 688 3044 succurrit,
701 2979 746 3050 qui
758 2979 899 3050 fleripote-
942 2979 1026 3032 rebris
1047 2979 1233 3042 librariorum,
1252 2979 1299 3050 qui
1320 2979 1446 3050 putebant

396 3071 450 3123 rat,
460 3071 489 3111 ut
497 3059 542 3110 tali
551 3059 696 3112 offensione
703 3057 815 3128 digitum
824 3055 899 3128 pedis
942 3059 1029 3132 pullos
1044 3078 1098 3112 non
1113 3055 1147 3110 ad
1162 3058 1284 3112 alimenta
1304 3056 1447 3130 capienda,

397 3136 534 3189 amitteret.
544 3169 584 3178 —
596 3139 645 3190 An.
656 3138 690 3189 U.
709 3141 771 3190 620.
784 3137 853 3190 Plut.
870 3137 898 3189 in
942 3137 987 3192 sed
1001 3137 1035 3190 ed
1046 3138 1159 3209 auspicia
1175 3135 1281 3190 ferenda
1292 3176 1299 3200 ,
1310 3155 1386 3191 cavea
1401 3157 1446 3191 ex·

397 3215 518 3280 Graocb.;
532 3214 628 3286 Obseq.
642 3215 784 3268 LXXXVI
797 3211 808 3277 (
816 3213 876 3280 25).
941 3217 980 3270 ire
996 3216 1131 3280 debuisse,
1141 3215 1221 3288 idque
1232 3229 1321 3288 petere
1335 3235 1367 3270 ex
1378 3236 1446 3290 prte-

438 3315 463 3349 a.
487 3293 621 3348 Pullarite.
645 3293 698 3358 Qui
719 3295 799 3368 pullis
820 3296 898 3348 sacris
941 3295 1104 3350 cedentibus.
1118 3295 1222 3348 Dicitur
1237 3295 1344 3367 quidem
1357 3297 1446 3368 paullo

396 3384 521 3448 praeerat,
541 3385 567 3426 et
586 3373 799 3444 quotiescumque
821 3373 854 3426 de
868 3394 897 3428 re
940 3389 1012 3428 ante:
1018 3376 1097 3446 pullos
1109 3395 1156 3428 non
1164 3380 1228 3427 exire
1237 3396 1319 3437 eam,
1331 3375 1446 3430 sedsub·

395 3453 506 3527 quadam
518 3449 666 3506 inchoanda
678 3450 787 3504 deorum
802 3454 897 3524 placita
939 3453 1140 3524 intelligendum
1157 3467 1215 3508 est:
1230 3455 1265 3506 ad
1276 3455 1398 3509 edendum.
1416 3457 1443 3510 Si

393 3533 481 3606 primo
507 3531 625 3586 diluculo
644 3531 807 3602 exploratum
827 3533 896 3597 ibet,
939 3533 1444 3608 esireveralectioesset,periretoppo·

395 3614 523 3684 imperato
536 3610 570 3664 de
580 3629 654 3664 more
663 3611 780 3678 silentio,
795 3611 895 3683 pultem
939 3612 1000 3664 sitio
1011 3631 1018 3664 :
1029 3633 1078 3663 esse
1094 3633 1139 3666 seu
1152 3614 1219 3664 edere
1236 3627 1262 3666 et
1276 3615 1365 3676 bibere,
1384 3635 1443 3688 quer

349 3715 354 3720 ·
395 3691 895 3763 illisautollam,cevearecluss,obje·
939 3710 1048 3746 acumen
1060 3693 1194 3745 sententie
1205 3695 1442 3748 continet—An.

395 3771 438 3824 cit.
451 3767 560 3834 Quodsi
575 3789 650 3823 cavea
666 3789 721 3822 non
731 3769 895 3842 prosilirent,
939 3771 974 3824 U.
996 3772 1060 3836 504.
1078 3772 1171 3844 Polyb.
1186 3773 1217 3836 13
1234 3773 1289 3825 Cic.
1306 3773 1394 3826 Divin.
1415 3775 1444 3838 1,

395 3862 544 3901 notescam
570 3867 624 3902 non
645 3851 820 3920 attingerent,
853 3851 894 3902 sel
942 3855 1015 3904 abet
1029 3851 1179 3917 11,33,de
1191 3851 1250 3904 Nat.
1263 3851 1336 3906 deor.
1347 3853 1390 3919 11,
1407 3855 1441 3910 3:

394 3927 495 3980 alarum
520 3926 626 3998 planctu
653 3929 826 4001 dissiparent,
853 3929 894 3982 sel
938 3931 1046 3984 Sueton.
1061 3929 1440 4003 Tib.11;Serv.adVirg.AEn.

391 4007 544 4070 evolarent,
570 4020 677 4060 eventus
692 4009 779 4062 tristes
794 4027 847 4080 pree
863 4027 890 4062 se
938 4009 997 4074 vt,
1017 4011 1444 4084 Ltv.xltt;1·:urr0p.11,15;

391 4087 525 4152 serebant,
538 4097 563 4137 et
574 4085 714 4160 pullarius,
735 4101 764 4140 ut
776 4089 808 4141 ab
821 4089 890 4143 ince-
933 4087 1033 4142 Minue.
1049 4089 1104 4143 ret.
1119 4091 1207 4148 evtt.
