3184 5132
398 499 465 546 tra
583 473 808 543 VALERII
837 473 1048 542 MAXIMI
1077 473 1173 542 LlB.
1201 473 1253 540 ΙΙ.

391 609 511 704 gratia,
538 629 638 700 quam
662 605 794 674 comitia
823 605 857 674 in
877 603 1052 674 humillimi
1077 605 1237 699 cujusque
1258 617 1460 700 potestatem

391 714 525 784 redacta
536 711 755 782 accenderant
765 709 788 799 ¹,
800 735 932 781 ornnem
945 711 1109 780 sorensem
1122 711 1253 780 turbam
1266 713 1301 779 in
1313 725 1462 804 quatuor

392 818 622 890 tantummodo
637 818 742 888 tribus
759 817 947 914 descripsit,
961 841 1082 912 easque
1096 817 1256 887 Urbanas
1269 815 1460 912 appellavit.

394 927 472 1016 Quo
493 940 560 994 tam
584 923 705 994 salubri
728 923 832 1012 facto,
852 925 906 992 vir
924 923 1045 1018 alioqui
1061 922 1185 994 bellicis
1206 921 1383 1020 operibus²
1401 947 1462 992 ex·

393 1031 724 1120 cellens,Max1inus
744 1032 998 1125 cognominatus
1015 1044 1074 1099 est.
1099 1124 1100 1128 Ἰ

739 1247 980 1348 CAPUT
1021 1249 1115 1337 ΙΙΙ.

685 1476 741 1544 De
761 1473 963 1544 militaribus
983 1479 1163 1545 Iraru'tutr's.

400 1683 420 1714 r.
429 1667 510 1730 Capite
520 1664 583 1712 cenni
592 1663 677 1712 militet
686 1664 764 1726 peimi.
773 1688 805 1702 -··
816 1679 838 1711 a.
848 1665 957 1712 Militarir
965 1666 1107 1713 exercitatio.
1115 1689 1147 1704 -
1158 1665 1288 1714 &Velitum
1299 1667 1388 1728 prinus
1397 1681 1464 1716 aaut.

450 1837 632 1908 Laudanda
655 1838 754 1906 etiam
776 1836 890 1932 populi
918 1837 1116 1907 verecundia
1137 1853 1203 1925 est,
1230 1841 1302 1932 qui,
1324 1839 1463 1934 impigre

398 1969 433 2015 ae
443 1929 628 2014 laboribus
642 1957 676 2012 et
689 1942 841 2040 periculis
855 1943 977 2014 militiae
989 1943 1179 2032 offerendo,
1193 1943 1292 2013 dabat
1309 1969 1463 2040 operam,

399 2077 441 2120 ne
462 2049 713 2146 imperatoribus
737 2052 844 2145 capite
867 2075 983 2120 censos
1005 2063 1211 2120 sacramento
1236 2075 1354 2145 rogare
1378 2065 1464 2120 esset

399 2182 548 2244 necesse,
567 2181 709 2250 quorum
728 2157 829 2224 nimia
844 2157 955 2250 inopia
977 2172 1129 2251 suspecta
1145 2171 1233 2244 erat,
1252 2155 1392 2252 ideoque
1413 2157 1464 2224 his

399 2262 531 2358 publica
552 2285 643 2332 arma
664 2285 732 2328 non
754 2263 1053 2332 committebantur.

447 2481 471 2514 r.
484 2461 565 2530 Quom
577 2461 673 2512 comitia
678 2497 740 2512 .....
746 2461 908 2513 accenderant.
954 2463 1066 2534 gloriam
1079 2473 1158 2534 atque
1171 2461 1317 2534 potentiana
1329 2475 1463 2534 augerent.

403 2543 476 2596 Sicut
491 2539 620 2610 Virgilius
634 2539 725 2592 canit:
743 2539 856 2592 Martem
870 2559 911 2592 ac-
954 2541 1190 2612 ·-Capitecensos.
1201 2543 1464 2596 marmanum

403 2621 499 2674 andere
512 2631 599 2671 cantu.
612 2647 652 2661 -
667 2619 795 2671 Forensem
809 2619 909 2672 turdum.
954 2619 1145 2674 clamibuarid.
1158 2621 1316 2692 Nieupoorti
1330 2622 1413 2694 antiq.
1426 2623 1466 2674 De

403 2701 465 2754 Huc
475 2699 632 2770 plerumque
643 2696 803 2752 reditiones'
796 2718 823 2750 m
833 2699 913 2751 comi·
955 2704 1032 2771 capite
1041 2704 1115 2752 centia
1124 2699 1186 2754 audi
1191 2699 1308 2754 Gellium
1318 2701 1401 2768 XVI,
1416 2719 1464 2754 ao:

404 2781 446 2834 tile
461 2777 598 2834 excitabat.
959 2781 1032 2845 ·Qui
1041 2781 1069 2832 in
1078 2781 1155 2851 plebe
1170 2799 1237 2834 rom.
1247 2781 1466 2852 tenuieaimipao·

446 2880 471 2914 a.
487 2859 589 2929 Alioqui
605 2857 694 2910 bellicis
711 2857 827 2928 operibus.
843 2858 911 2910 Nam
955 2860 1117 2930 perrlmique
1135 2872 1223 2926 erant,
1247 2879 1333 2931 neque
1352 2861 1465 2930 amplius

405 2937 912 3010 luitilleFabius‚quiprimuarempubl.
955 2958 1035 3010 quam
1054 2941 1109 2992 MD
1127 2941 1186 2993 aeria
1203 2940 1232 2992 in
1245 2955 1352 2994 centum
1367 2937 1468 2994 delere·

405 3019 552 3073 calamitoaa
573 3017 728 3072 Hannibalis
746 3017 818 3090 poeni
834 3036 910 3088 expe·
955 3019 1467 3091 baut‚pmletariiappellatieunt;quive·

405 3098 507 3152 ditione
520 3097 634 3168 graviter
652 3097 775 3150 afflictam
791 3110 818 3150 et
837 3115 913 3168 paene
956 3098 1250 3170 ronulloautperquam
1257 3117 1344 3170 pauco
1351 3117 1466 3152 arecon·

405 3177 550 3250 perditam,
571 3174 719 3229 cunctando
733 3176 857 3230 restituit.
957 3178 1095 3242 rebantur,
1109 3182 1187 3248 capite
1205 3182 1268 3230 censi
1288 3181 1466 3242 vocabantur,

446 3259 472 3312 3.
489 3257 594 3326 Impigre
604 3275 629 3306 ae
640 3255 768 3308 laborr'bru.
781 3256 848 3310 Sane
860 3269 914 3319 est,
957 3269 983 3310 et
998 3257 1128 3310 immunes
1142 3271 1217 3311 eraut
1230 3277 1243 3310 a
1256 3258 1358 3312 militia.
1369 3283 1381 3306 ι
1397 3259 1467 3312 Alio·
1575 3311 1576 3314 ,

405 3336 477 3410 quod
485 3349 604 3388 veterum
614 3335 795 3388 Romanorum
805 3335 915 3388 bonoria
957 3354 1018 3388 rum
1029 3355 1085 3404 ree,
1097 3337 1195 3390 borum
1206 3337 1291 3408 capita
1298 3350 1468 3390 tantumoen·

406 3415 576 3489 cupiditatem
583 3413 916 3486 patriaequeamoremimi·
957 3415 1009 3468 aeri
1023 3429 1158 3487 poterant,
1173 3435 1223 3487 pro
1236 3435 1284 3470 suo
1294 3418 1404 3470 nomine
1416 3435 1468 3470 atra

407 3511 461 3549 tatu
484 3494 664 3567 diguissimam
687 3492 830 3557 miremur,
857 3513 915 3565 qraoe
957 3493 1109 3566 pendebant
1126 3509 1153 3548 et
1167 3497 1224 3550 aine
1238 3497 1466 3568 suffragiiseraut.

408 3577 562 3640 effecerunt,
577 3586 608 3626 ut
618 3574 645 3648 ip
656 3585 695 3626 tot
704 3572 780 3625 bellia
792 3573 916 3626 serecon·
957 3605 1006 3632 -.
1019 3575 1173 3628 Sacramerno
1194 3595 1288 3646 rogare.
1310 3577 1358 3628 Eat
1380 3575 1464 3638 idem,

410 3654 509 3718 tinuit,
525 3672 586 3706 cum
602 3653 715 3706 maxima
728 3652 767 3704 rei
781 3651 916 3706 familiaris
959 3652 1032 3723 quod
1045 3654 1217 3727 jurejurando
1230 3655 1467 3710 militariobatrin·

407 3737 520 3806 jactura,
543 3733 622 3785 nutui
644 3732 830 3805 patriciorum,
842 3750 917 3804 repe
959 3752 1032 3802 gere,
1047 3733 1120 3806 quod
1141 3747 1274 3806 tamquam
1293 3753 1350 3789 rem
1368 3753 1467 3790 sacram

409 3813 494 3884 plebis
512 3810 674 3877 minuenda,
687 3824 776 3866 autea
795 3813 860 3865 urbe
874 3830 916 3864 re-
959 3813 1468 3908 imperatoribuapraeatabant.-1mpia

409 3887 546 3943 movendae
574 3849 750 3962 cupiddrum,
776 3904 917 3964 parerent·
960 3907 1075 3963 suspecta.
1090 3895 1175 3963 Inopes
1187 3913 1297 3960 enrm,t
1301 3883 1426 3948 facrlrtu
1434 3893 1468 3947 ad

410 3968 918 4042 nccsumptibunquumprimooevoati·
961 3973 1048 4026 hostes
1063 3974 1256 4066 transfugiunt;
1272 3991 1285 4026 a
1289 3963 1409 4045 ⁰prada
1426 3975 1469 4026 ni·

411 4047 507 4124 pendia
516 4066 571 4100 non
582 4049 743 4120 acciperent
758 4070 808 4104 nec
819 4051 916 4116 labora
960 4071 1010 4105 rura
1020 4065 1083 4106 sunt
1097 4053 1209 4118 intenti;
1222 4043 1251 4106 3⁰
1262 4071 1380 4125 proana
1391 4066 1419 4108 et
1429 4054 1469 4106 lo

411 4149 459 4183 nec
478 4127 597 4198 sanguini
613 4142 763 4197 parcerent,
779 4142 810 4183 ut
825 4132 918 4201 patria
961 4131 998 4182 cis
1011 4145 1129 4186 nontam
1142 4131 1396 4198 fortitudininem,
1409 4135 1470 4204 qui,
