<?xml version="1.0" encoding="UTF-8"?>
<!DOCTYPE html PUBLIC "-//W3C//DTD XHTML 1.0 Transitional//EN"
    "http://www.w3.org/TR/xhtml1/DTD/xhtml1-transitional.dtd">
<html xmlns="http://www.w3.org/1999/xhtml" xml:lang="en" lang="en">
 <head>
  <title>
</title>
<meta http-equiv="Content-Type" content="text/html;charset=utf-8" />
  <meta name='ocr-system' content='tesseract 3.04.00' />
  <meta name='ocr-capabilities' content='ocr_page ocr_carea ocr_par ocr_line ocrx_word'/>
</head>
<body>
  <div class='ocr_page' id='page_1' title='image "./valeriusmaximus01lykogoog_0192.png"; bbox 0 0 3184 5132; ppageno 0'>
   <div class='ocr_carea' id='block_1_1' title="bbox 319 518 1217 604">
    <p class='ocr_par' dir='ltr' id='par_1_1' title="bbox 319 518 1217 604">
     <span class='ocr_line' id='line_1_1' title="bbox 319 518 1217 604; baseline 0.003 -17"><span class='ocrx_word' id='word_1_1' title='bbox 319 519 425 588; x_wconf 81' lang='lat' dir='ltr'>CAP.</span> <span class='ocrx_word' id='word_1_2' title='bbox 453 519 526 604; x_wconf 84' lang='lat' dir='ltr'><strong>lx,</strong></span> <span class='ocrx_word' id='word_1_3' title='bbox 552 519 621 586; x_wconf 89' lang='lat' dir='ltr'><strong>DE</strong></span> <span class='ocrx_word' id='word_1_4' title='bbox 648 518 789 585; x_wconf 86' lang='lat' dir='ltr'><strong>GENS.</strong></span> <span class='ocrx_word' id='word_1_5' title='bbox 817 519 1053 586; x_wconf 85' lang='lat' dir='ltr'>SEVERIT.</span> <span class='ocrx_word' id='word_1_6' title='bbox 1148 518 1217 590; x_wconf 83' lang='lat'><strong>165</strong></span> 
     </span>
    </p>
   </div>
   <div class='ocr_carea' id='block_1_2' title="bbox 160 649 1222 3073">
    <p class='ocr_par' dir='ltr' id='par_1_2' title="bbox 160 649 1222 3073">
     <span class='ocr_line' id='line_1_2' title="bbox 160 649 1219 734; baseline -0.001 -14"><span class='ocrx_word' id='word_1_7' title='bbox 160 653 266 720; x_wconf 77' lang='lat' dir='ltr'><strong>aetatis</strong></span> <span class='ocrx_word' id='word_1_8' title='bbox 283 651 380 718; x_wconf 90' lang='lat' dir='ltr'><strong>etiam</strong></span> <span class='ocrx_word' id='word_1_9' title='bbox 397 673 487 718; x_wconf 92' lang='lat' dir='ltr'><strong>nunc</strong></span> <span class='ocrx_word' id='word_1_10' title='bbox 505 673 620 716; x_wconf 91' lang='lat' dir='ltr'><strong>eorum</strong></span> <span class='ocrx_word' id='word_1_11' title='bbox 639 663 746 716; x_wconf 87' lang='lat' dir='ltr'>essent</span> <span class='ocrx_word' id='word_1_12' title='bbox 762 673 781 716; x_wconf 90' lang='lat' dir='ltr'><strong>e</strong></span> <span class='ocrx_word' id='word_1_13' title='bbox 800 673 956 734; x_wconf 81' lang='lat' dir='ltr'><strong>numero,</strong></span> <span class='ocrx_word' id='word_1_14' title='bbox 968 663 1005 716; x_wconf 90' lang='lat' dir='ltr'><strong>ut</strong></span> <span class='ocrx_word' id='word_1_15' title='bbox 1022 663 1071 718; x_wconf 87' lang='lat' dir='ltr'><strong>est</strong></span> <span class='ocrx_word' id='word_1_16' title='bbox 1089 649 1130 716; x_wconf 90' lang='lat' dir='ltr'><strong>ad</strong></span> <span class='ocrx_word' id='word_1_17' title='bbox 1146 651 1219 719; x_wconf 89' lang='lat' dir='ltr'><strong>Pol·</strong></span> 
     </span>
     <span class='ocr_line' id='line_1_3' title="bbox 163 753 1221 848; baseline 0.001 -24"><span class='ocrx_word' id='word_1_18' title='bbox 163 756 240 825; x_wconf 89' lang='lat' dir='ltr'><strong>liam</strong></span> <span class='ocrx_word' id='word_1_19' title='bbox 266 769 401 825; x_wconf 89' lang='lat' dir='ltr'><strong>ventum</strong></span> <span class='ocrx_word' id='word_1_20' title='bbox 429 755 572 840; x_wconf 84' lang='lat' dir='ltr'>tribum,</span> <span class='ocrx_word' id='word_1_21' title='bbox 602 779 711 848; x_wconf 86' lang='lat' dir='ltr'><strong>praeeo</strong></span> <span class='ocrx_word' id='word_1_22' title='bbox 737 753 824 822; x_wconf 88' lang='lat' dir='ltr'><strong>lecto</strong></span> <span class='ocrx_word' id='word_1_23' title='bbox 845 757 979 822; x_wconf 88' lang='lat' dir='ltr'><strong>nomine</strong></span> <span class='ocrx_word' id='word_1_24' title='bbox 1006 753 1221 842; x_wconf 82' lang='lat' dir='ltr'><strong>Salinatoris,</strong></span> 
     </span>
     <span class='ocr_line' id='line_1_4' title="bbox 163 860 1221 949; baseline -0.001 -18"><span class='ocrx_word' id='word_1_25' title='bbox 163 863 331 931; x_wconf 90' lang='lat' dir='ltr'><strong>citandum</strong></span> <span class='ocrx_word' id='word_1_26' title='bbox 350 885 454 930; x_wconf 88' lang='lat' dir='ltr'><strong>necne</strong></span> <span class='ocrx_word' id='word_1_27' title='bbox 476 861 535 929; x_wconf 89' lang='lat' dir='ltr'><strong>sibi</strong></span> <span class='ocrx_word' id='word_1_28' title='bbox 557 875 661 944; x_wconf 86' lang='lat' dir='ltr'><strong>esset,</strong></span> <span class='ocrx_word' id='word_1_29' title='bbox 679 860 848 929; x_wconf 81' lang='lat' dir='ltr'><strong>haesitavit.</strong></span> <span class='ocrx_word' id='word_1_30' title='bbox 871 861 971 949; x_wconf 88' lang='lat' dir='ltr'><strong>Quod</strong></span> <span class='ocrx_word' id='word_1_31' title='bbox 989 861 1045 928; x_wconf 92' lang='lat' dir='ltr'><strong>ubi</strong></span> <span class='ocrx_word' id='word_1_32' title='bbox 1063 861 1221 931; x_wconf 82' lang='lat' dir='ltr'>intellexit</span> 
     </span>
     <span class='ocr_line' id='line_1_5' title="bbox 161 965 1219 1062; baseline -0.001 -25"><span class='ocrx_word' id='word_1_33' title='bbox 161 971 273 1054; x_wconf 87' lang='lat' dir='ltr'><strong>Nero,</strong></span> <span class='ocrx_word' id='word_1_34' title='bbox 291 983 325 1036; x_wconf 90' lang='lat' dir='ltr'><strong>et</strong></span> <span class='ocrx_word' id='word_1_35' title='bbox 342 969 435 1036; x_wconf 83' lang='lat' dir='ltr'><strong>citari</strong></span> <span class='ocrx_word' id='word_1_36' title='bbox 450 966 629 1061; x_wconf 80' lang='lat' dir='ltr'><strong>collegam,</strong></span> <span class='ocrx_word' id='word_1_37' title='bbox 651 981 684 1034; x_wconf 88' lang='lat' dir='ltr'><strong>et</strong></span> <span class='ocrx_word' id='word_1_38' title='bbox 705 965 842 1059; x_wconf 86' lang='lat' dir='ltr'><strong>equum&#39;</strong></span> <span class='ocrx_word' id='word_1_39' title='bbox 860 965 1004 1036; x_wconf 86' lang='lat' dir='ltr'><strong>vendere</strong></span> <span class='ocrx_word' id='word_1_40' title='bbox 1015 967 1126 1060; x_wconf 88' lang='lat' dir='ltr'><strong>jussit,</strong></span> <span class='ocrx_word' id='word_1_41' title='bbox 1143 971 1219 1062; x_wconf 86' lang='lat' dir='ltr'><strong>quia</strong></span> 
     </span>
     <span class='ocr_line' id='line_1_6' title="bbox 163 1069 1219 1168; baseline 0.001 -26"><span class='ocrx_word' id='word_1_42' title='bbox 163 1074 277 1168; x_wconf 92' lang='lat' dir='ltr'><strong>populi</strong></span> <span class='ocrx_word' id='word_1_43' title='bbox 298 1073 423 1166; x_wconf 86' lang='lat' dir='ltr'><strong>judicio</strong></span> <span class='ocrx_word' id='word_1_44' title='bbox 443 1073 616 1142; x_wconf 88' lang='lat' dir='ltr'><strong>damnatus</strong></span> <span class='ocrx_word' id='word_1_45' title='bbox 640 1087 733 1140; x_wconf 86' lang='lat' dir='ltr'><strong>esset.</strong></span> <span class='ocrx_word' id='word_1_46' title='bbox 761 1069 924 1140; x_wconf 81' lang='lat' dir='ltr'><strong>Salinator</strong></span> <span class='ocrx_word' id='word_1_47' title='bbox 946 1097 1078 1166; x_wconf 88' lang='lat' dir='ltr'><strong>quoque</strong></span> <span class='ocrx_word' id='word_1_48' title='bbox 1105 1074 1219 1142; x_wconf 88' lang='lat' dir='ltr'><strong>eadem</strong></span> 
     </span>
     <span class='ocr_line' id='line_1_7' title="bbox 162 1178 1220 1272; baseline 0.003 -26"><span class='ocrx_word' id='word_1_49' title='bbox 162 1180 447 1248; x_wconf 87' lang='lat' dir='ltr'><strong>animadversione</strong></span> <span class='ocrx_word' id='word_1_50' title='bbox 468 1181 632 1248; x_wconf 84' lang='lat' dir='ltr'><strong>Neronem</strong></span> <span class='ocrx_word' id='word_1_51' title='bbox 656 1193 848 1272; x_wconf 89' lang='lat' dir='ltr'><strong>persecutus</strong></span> <span class='ocrx_word' id='word_1_52' title='bbox 868 1193 936 1261; x_wconf 88' lang='lat' dir='ltr'><strong>cst,</strong></span> <span class='ocrx_word' id='word_1_53' title='bbox 960 1178 1086 1271; x_wconf 87' lang='lat' dir='ltr'><strong>adjecta</strong></span> <span class='ocrx_word' id='word_1_54' title='bbox 1104 1203 1220 1266; x_wconf 88' lang='lat' dir='ltr'><strong>causa,</strong></span> 
     </span>
     <span class='ocr_line' id='line_1_8' title="bbox 162 1283 1221 1379; baseline 0.002 -25"><span class='ocrx_word' id='word_1_55' title='bbox 162 1285 252 1379; x_wconf 92' lang='lat' dir='ltr'><strong>quod</strong></span> <span class='ocrx_word' id='word_1_56' title='bbox 268 1311 336 1354; x_wconf 95' lang='lat' dir='ltr'><strong>non</strong></span> <span class='ocrx_word' id='word_1_57' title='bbox 350 1287 477 1356; x_wconf 87' lang='lat' dir='ltr'><strong>sincera</strong></span> <span class='ocrx_word' id='word_1_58' title='bbox 494 1285 558 1354; x_wconf 87' lang='lat' dir='ltr'><strong>fide</strong></span> <span class='ocrx_word' id='word_1_59' title='bbox 574 1309 685 1354; x_wconf 88' lang='lat' dir='ltr'><strong>secum</strong></span> <span class='ocrx_word' id='word_1_60' title='bbox 700 1285 733 1352; x_wconf 91' lang='lat' dir='ltr'><strong>in</strong></span> <span class='ocrx_word' id='word_1_61' title='bbox 747 1287 887 1377; x_wconf 77' lang='lat' dir='ltr'><strong>gratiam</strong></span> <span class='ocrx_word' id='word_1_62' title='bbox 903 1283 1076 1354; x_wconf 88' lang='lat' dir='ltr'><strong>rediisset².</strong></span> <span class='ocrx_word' id='word_1_63' title='bbox 1091 1285 1221 1374; x_wconf 87' lang='lat' dir='ltr'><strong>Quibus</strong></span> 
     </span>
     <span class='ocr_line' id='line_1_9' title="bbox 162 1389 1220 1484; baseline 0.002 -26"><span class='ocrx_word' id='word_1_64' title='bbox 162 1393 241 1460; x_wconf 82' lang='lat' dir='ltr'><strong>viris</strong></span> <span class='ocrx_word' id='word_1_65' title='bbox 266 1393 294 1460; x_wconf 91' lang='lat' dir='ltr'><strong>si</strong></span> <span class='ocrx_word' id='word_1_66' title='bbox 318 1393 392 1484; x_wconf 91' lang='lat' dir='ltr'><strong>quis</strong></span> <span class='ocrx_word' id='word_1_67' title='bbox 414 1389 589 1460; x_wconf 72' lang='lat' dir='ltr'><strong>celestium</strong></span> <span class='ocrx_word' id='word_1_68' title='bbox 615 1389 828 1484; x_wconf 81' lang='lat' dir='ltr'><strong>significasset</strong></span> <span class='ocrx_word' id='word_1_69' title='bbox 856 1390 1027 1476; x_wconf 81' lang='lat' dir='ltr'><strong>futurum,</strong></span> <span class='ocrx_word' id='word_1_70' title='bbox 1045 1405 1083 1459; x_wconf 91' lang='lat' dir='ltr'><strong>ut</strong></span> <span class='ocrx_word' id='word_1_71' title='bbox 1105 1416 1220 1462; x_wconf 88' lang='lat' dir='ltr'><strong>eorum</strong></span> 
     </span>
     <span class='ocr_line' id='line_1_10' title="bbox 163 1496 1220 1591; baseline 0.001 -25"><span class='ocrx_word' id='word_1_72' title='bbox 163 1499 294 1591; x_wconf 77' lang='lat' dir='ltr'><strong>sanguis</strong></span> <span class='ocrx_word' id='word_1_73' title='bbox 322 1496 496 1566; x_wconf 83' lang='lat' dir='ltr'>illustrium</span> <span class='ocrx_word' id='word_1_74' title='bbox 527 1498 708 1590; x_wconf 79' lang='lat' dir='ltr'><strong>imaginum</strong></span> <span class='ocrx_word' id='word_1_75' title='bbox 737 1497 819 1565; x_wconf 89' lang='lat' dir='ltr'><strong>serie</strong></span> <span class='ocrx_word' id='word_1_76' title='bbox 847 1496 1027 1582; x_wconf 89' lang='lat' dir='ltr'><strong>deductus,</strong></span> <span class='ocrx_word' id='word_1_77' title='bbox 1056 1497 1088 1564; x_wconf 92' lang='lat' dir='ltr'><strong>in</strong></span> <span class='ocrx_word' id='word_1_78' title='bbox 1110 1513 1220 1567; x_wconf 81' lang='lat' dir='ltr'><strong>ortum</strong></span> 
     </span>
     <span class='ocr_line' id='line_1_11' title="bbox 163 1588 1221 1698; baseline 0 -26"><span class='ocrx_word' id='word_1_79' title='bbox 163 1602 313 1672; x_wconf 88' lang='lat' dir='ltr'><strong>salutaris</strong></span> <span class='ocrx_word' id='word_1_80' title='bbox 329 1588 501 1696; x_wconf 86' lang='lat' dir='ltr'><strong>principis³</strong></span> <span class='ocrx_word' id='word_1_81' title='bbox 522 1604 625 1670; x_wconf 86' lang='lat' dir='ltr'><strong>nostri</strong></span> <span class='ocrx_word' id='word_1_82' title='bbox 643 1602 840 1686; x_wconf 81' lang='lat' dir='ltr'><strong>conflueret,</strong></span> <span class='ocrx_word' id='word_1_83' title='bbox 857 1603 1013 1698; x_wconf 88' lang='lat' dir='ltr'><strong>depositis</strong></span> <span class='ocrx_word' id='word_1_84' title='bbox 1029 1604 1221 1692; x_wconf 88' lang='lat' dir='ltr'><strong>inimicitiis,</strong></span> 
     </span>
     <span class='ocr_line' id='line_1_12' title="bbox 163 1708 1221 1804; baseline 0 -28"><span class='ocrx_word' id='word_1_85' title='bbox 163 1710 346 1778; x_wconf 90' lang='lat' dir='ltr'><strong>arctissimo</strong></span> <span class='ocrx_word' id='word_1_86' title='bbox 368 1733 402 1777; x_wconf 88' lang='lat' dir='ltr'><strong>se</strong></span> <span class='ocrx_word' id='word_1_87' title='bbox 421 1710 571 1778; x_wconf 75' lang='lat' dir='ltr'><strong>amicitiae</strong></span> <span class='ocrx_word' id='word_1_88' title='bbox 586 1708 709 1777; x_wconf 88' lang='lat' dir='ltr'><strong>foedere</strong></span> <span class='ocrx_word' id='word_1_89' title='bbox 724 1709 922 1802; x_wconf 77' lang='lat' dir='ltr'><strong>junxissent,</strong></span> <span class='ocrx_word' id='word_1_90' title='bbox 939 1724 1102 1778; x_wconf 88' lang='lat' dir='ltr'><strong>servatam</strong></span> <span class='ocrx_word' id='word_1_91' title='bbox 1115 1709 1157 1778; x_wconf 89' lang='lat' dir='ltr'><strong>ab</strong></span> <span class='ocrx_word' id='word_1_92' title='bbox 1170 1712 1221 1804; x_wconf 89' lang='lat' dir='ltr'><strong>ip·</strong></span> 
     </span>
     <span class='ocr_line' id='line_1_13' title="bbox 162 1813 1222 1910; baseline 0.001 -27"><span class='ocrx_word' id='word_1_93' title='bbox 162 1817 206 1884; x_wconf 90' lang='lat' dir='ltr'><strong>sis</strong></span> <span class='ocrx_word' id='word_1_94' title='bbox 225 1815 365 1910; x_wconf 87' lang='lat' dir='ltr'><strong>patriam</strong></span> <span class='ocrx_word' id='word_1_95' title='bbox 384 1815 552 1882; x_wconf 90' lang='lat' dir='ltr'><strong>communi</strong></span> <span class='ocrx_word' id='word_1_96' title='bbox 564 1816 657 1908; x_wconf 90' lang='lat' dir='ltr'><strong>stirpi</strong></span> <span class='ocrx_word' id='word_1_97' title='bbox 676 1814 870 1883; x_wconf 82' lang='lat' dir='ltr'><strong>servandam</strong></span> <span class='ocrx_word' id='word_1_98' title='bbox 884 1813 1038 1883; x_wconf 90' lang='lat' dir='ltr'><strong>relicturi.</strong></span> <span class='ocrx_word' id='word_1_99' title='bbox 1059 1813 1222 1884; x_wconf 79' lang='lat' dir='ltr'><strong>Salinator</strong></span> 
     </span>
     <span class='ocr_line' id='line_1_14' title="bbox 162 1909 1222 2013; baseline 0.004 -27"><span class='ocrx_word' id='word_1_100' title='bbox 162 1945 244 1989; x_wconf 86' lang='lat' dir='ltr'><strong>vero</strong></span> <span class='ocrx_word' id='word_1_101' title='bbox 264 1933 406 2012; x_wconf 80' lang='lat' dir='ltr'><strong>quatuor</strong></span> <span class='ocrx_word' id='word_1_102' title='bbox 424 1934 457 1988; x_wconf 91' lang='lat' dir='ltr'><strong>et</strong></span> <span class='ocrx_word' id='word_1_103' title='bbox 474 1922 608 2013; x_wconf 82' lang='lat' dir='ltr'><strong>triginta</strong></span> <span class='ocrx_word' id='word_1_104' title='bbox 626 1920 732 1988; x_wconf 90' lang='lat' dir='ltr'><strong>tribus</strong></span> <span class='ocrx_word' id='word_1_105' title='bbox 744 1921 830 1988; x_wconf 88' lang='lat' dir='ltr'><strong>inter</strong></span> <span class='ocrx_word' id='word_1_106' title='bbox 845 1909 999 1989; x_wconf 80' lang='lat' dir='ltr'><strong>aerarios⁴</strong></span> <span class='ocrx_word' id='word_1_107' title='bbox 1013 1919 1136 1990; x_wconf 88' lang='lat' dir='ltr'><strong>referre</strong></span> <span class='ocrx_word' id='word_1_108' title='bbox 1154 1947 1222 1990; x_wconf 94' lang='lat' dir='ltr'><strong>non</strong></span> 
     </span>
     <span class='ocr_line' id='line_1_15' title="bbox 163 2011 1220 2120; baseline 0.002 -26"><span class='ocrx_word' id='word_1_109' title='bbox 163 2026 346 2109; x_wconf 82' lang='lat' dir='ltr'><strong>dubitavit3</strong></span> <span class='ocrx_word' id='word_1_110' title='bbox 363 2025 469 2118; x_wconf 83' lang='lat' dir='ltr'><strong>quod,</strong></span> <span class='ocrx_word' id='word_1_111' title='bbox 485 2051 588 2118; x_wconf 85' lang='lat' dir='ltr'><strong>quum</strong></span> <span class='ocrx_word' id='word_1_112' title='bbox 608 2050 641 2094; x_wconf 87' lang='lat' dir='ltr'><strong>se</strong></span> <span class='ocrx_word' id='word_1_113' title='bbox 657 2011 899 2110; x_wconf 79' lang='lat' dir='ltr'><strong>damnassent⁵‚</strong></span> <span class='ocrx_word' id='word_1_114' title='bbox 918 2040 1033 2120; x_wconf 84' lang='lat' dir='ltr'><strong>postea</strong></span> <span class='ocrx_word' id='word_1_115' title='bbox 1050 2025 1220 2096; x_wconf 89' lang='lat' dir='ltr'><strong>consulem</strong></span> 
     </span>
     <span class='ocr_line' id='line_1_16' title="bbox 165 2131 1221 2226; baseline 0.002 -26"><span class='ocrx_word' id='word_1_116' title='bbox 165 2146 265 2224; x_wconf 89' lang='lat' dir='ltr'><strong>atque</strong></span> <span class='ocrx_word' id='word_1_117' title='bbox 282 2155 451 2202; x_wconf 78' lang='lat' dir='ltr'><strong>censorem</strong></span> <span class='ocrx_word' id='word_1_118' title='bbox 470 2131 640 2200; x_wconf 87' lang='lat' dir='ltr'><strong>fecissent:</strong></span> <span class='ocrx_word' id='word_1_119' title='bbox 656 2133 893 2226; x_wconf 60' lang='lat' dir='ltr'><strong>praetexuitque</strong></span> <span class='ocrx_word' id='word_1_120' title='bbox 908 2155 1057 2219; x_wconf 61' lang='lat' dir='ltr'><strong>cauum,</strong></span> <span class='ocrx_word' id='word_1_121' title='bbox 1071 2135 1147 2226; x_wconf 85' lang='lat' dir='ltr'><strong>quia</strong></span> <span class='ocrx_word' id='word_1_122' title='bbox 1163 2157 1221 2202; x_wconf 90' lang='lat' dir='ltr'><strong>ne·</strong></span> 
     </span>
     <span class='ocr_line' id='line_1_17' title="bbox 164 2237 1219 2325; baseline 0.002 -21"><span class='ocrx_word' id='word_1_123' title='bbox 164 2261 256 2306; x_wconf 90' lang='lat' dir='ltr'><strong>cesse</strong></span> <span class='ocrx_word' id='word_1_124' title='bbox 281 2250 366 2306; x_wconf 90' lang='lat' dir='ltr'><strong>esset</strong></span> <span class='ocrx_word' id='word_1_125' title='bbox 389 2261 443 2306; x_wconf 86' lang='lat' dir='ltr'><strong>eas</strong></span> <span class='ocrx_word' id='word_1_126' title='bbox 465 2237 624 2306; x_wconf 85' lang='lat' dir='ltr'><strong>alterutro</strong></span> <span class='ocrx_word' id='word_1_127' title='bbox 650 2237 757 2324; x_wconf 84' lang='lat' dir='ltr'><strong>facto,</strong></span> <span class='ocrx_word' id='word_1_128' title='bbox 778 2238 914 2306; x_wconf 88' lang='lat' dir='ltr'><strong>crimine</strong></span> <span class='ocrx_word' id='word_1_129' title='bbox 934 2240 1147 2325; x_wconf 86' lang='lat' dir='ltr'><strong>temeritatis,</strong></span> <span class='ocrx_word' id='word_1_130' title='bbox 1167 2238 1219 2308; x_wconf 82' lang='lat' dir='ltr'><strong>vel</strong></span> 
     </span>
     <span class='ocr_line' id='line_1_18' title="bbox 162 2329 1220 2436; baseline 0.002 -26"><span class='ocrx_word' id='word_1_131' title='bbox 162 2343 299 2436; x_wconf 81' lang='lat' dir='ltr'><strong>perjurii</strong></span> <span class='ocrx_word' id='word_1_132' title='bbox 319 2329 448 2411; x_wconf 80' lang='lat' dir='ltr'><strong>teneri⁶.</strong></span> <span class='ocrx_word' id='word_1_133' title='bbox 467 2345 577 2412; x_wconf 86' lang='lat' dir='ltr'><strong>Unam</strong></span> <span class='ocrx_word' id='word_1_134' title='bbox 596 2342 825 2412; x_wconf 89' lang='lat' dir='ltr'><strong>tantummodo</strong></span> <span class='ocrx_word' id='word_1_135' title='bbox 847 2343 970 2412; x_wconf 82' lang='lat' dir='ltr'><strong>tribum</strong></span> <span class='ocrx_word' id='word_1_136' title='bbox 989 2345 1143 2412; x_wconf 84' lang='lat' dir='ltr'><strong>Moeciam</strong></span> <span class='ocrx_word' id='word_1_137' title='bbox 1165 2369 1220 2412; x_wconf 82' lang='lat' dir='ltr'><strong>ve·</strong></span> 
     </span>
     <span class='ocr_line' id='line_1_19' title="bbox 162 2448 1220 2544; baseline 0.003 -27"><span class='ocrx_word' id='word_1_138' title='bbox 162 2473 259 2518; x_wconf 90' lang='lat' dir='ltr'><strong>cuam</strong></span> <span class='ocrx_word' id='word_1_139' title='bbox 276 2463 355 2518; x_wconf 79' lang='lat' dir='ltr'><strong>nota</strong></span> <span class='ocrx_word' id='word_1_140' title='bbox 372 2448 518 2544; x_wconf 82' lang='lat' dir='ltr'><strong>reliquit3</strong></span> <span class='ocrx_word' id='word_1_141' title='bbox 530 2473 603 2542; x_wconf 77' lang='lat' dir='ltr'><strong>quan</strong></span> <span class='ocrx_word' id='word_1_142' title='bbox 617 2473 692 2516; x_wconf 88' lang='lat' dir='ltr'><strong>eum</strong></span> <span class='ocrx_word' id='word_1_143' title='bbox 714 2448 879 2542; x_wconf 80' lang='lat' dir='ltr'><strong>suffragiis</strong></span> <span class='ocrx_word' id='word_1_144' title='bbox 894 2451 1023 2534; x_wconf 80' lang='lat' dir='ltr'><strong>suis‚ut</strong></span> <span class='ocrx_word' id='word_1_145' title='bbox 1042 2473 1110 2518; x_wconf 88' lang='lat' dir='ltr'><strong>non</strong></span> <span class='ocrx_word' id='word_1_146' title='bbox 1128 2450 1220 2520; x_wconf 73' lang='lat' dir='ltr'><strong>thm-</strong></span> 
     </span>
     <span class='ocr_line' id='line_1_20' title="bbox 161 2553 1219 2649; baseline 0.003 -27"><span class='ocrx_word' id='word_1_147' title='bbox 161 2556 310 2640; x_wconf 86' lang='lat' dir='ltr'><strong>natione,</strong></span> <span class='ocrx_word' id='word_1_148' title='bbox 324 2556 368 2624; x_wconf 87' lang='lat' dir='ltr'><strong>ita</strong></span> <span class='ocrx_word' id='word_1_149' title='bbox 381 2580 423 2623; x_wconf 94' lang='lat' dir='ltr'><strong>ne</strong></span> <span class='ocrx_word' id='word_1_150' title='bbox 435 2555 560 2624; x_wconf 91' lang='lat' dir='ltr'><strong>bonore</strong></span> <span class='ocrx_word' id='word_1_151' title='bbox 571 2555 721 2648; x_wconf 87' lang='lat' dir='ltr'><strong>quidem,</strong></span> <span class='ocrx_word' id='word_1_152' title='bbox 735 2553 871 2649; x_wconf 83' lang='lat' dir='ltr'><strong>dignum</strong></span> <span class='ocrx_word' id='word_1_153' title='bbox 885 2555 1097 2648; x_wconf 75' lang='lat' dir='ltr'><strong>judicaverat</strong></span> <span class='ocrx_word' id='word_1_154' title='bbox 1109 2559 1219 2646; x_wconf 83' lang='lat' dir='ltr'><strong>Quam</strong></span> 
     </span>
     <span class='ocr_line' id='line_1_21' title="bbox 162 2659 1219 2756; baseline 0.002 -28"><span class='ocrx_word' id='word_1_155' title='bbox 162 2664 343 2730; x_wconf 79' lang='lat' dir='ltr'><strong>constantis</strong></span> <span class='ocrx_word' id='word_1_156' title='bbox 364 2675 397 2729; x_wconf 84' lang='lat' dir='ltr'><strong>et</strong></span> <span class='ocrx_word' id='word_1_157' title='bbox 419 2659 584 2754; x_wconf 85' lang='lat' dir='ltr'><strong>praevalidi</strong></span> <span class='ocrx_word' id='word_1_158' title='bbox 607 2660 699 2728; x_wconf 90' lang='lat' dir='ltr'><strong>illum</strong></span> <span class='ocrx_word' id='word_1_159' title='bbox 722 2675 875 2754; x_wconf 88' lang='lat' dir='ltr'><strong>putamus</strong></span> <span class='ocrx_word' id='word_1_160' title='bbox 893 2663 1014 2756; x_wconf 84' lang='lat' dir='ltr'><strong>ingenii</strong></span> <span class='ocrx_word' id='word_1_161' title='bbox 1035 2661 1149 2750; x_wconf 86' lang='lat' dir='ltr'><strong>fuisse,</strong></span> <span class='ocrx_word' id='word_1_162' title='bbox 1163 2666 1219 2756; x_wconf 90' lang='lat' dir='ltr'><strong>qui</strong></span> 
     </span>
     <span class='ocr_line' id='line_1_22' title="bbox 163 2765 1220 2862; baseline 0.003 -29"><span class='ocrx_word' id='word_1_163' title='bbox 163 2791 269 2861; x_wconf 82' lang='lat' dir='ltr'><strong>neque</strong></span> <span class='ocrx_word' id='word_1_164' title='bbox 297 2769 380 2836; x_wconf 89' lang='lat' dir='ltr'><strong>tristi</strong></span> <span class='ocrx_word' id='word_1_165' title='bbox 403 2767 602 2860; x_wconf 89' lang='lat' dir='ltr'><strong>judiciorum</strong></span> <span class='ocrx_word' id='word_1_166' title='bbox 626 2769 715 2835; x_wconf 82' lang='lat' dir='ltr'><strong>exitu</strong></span> <span class='ocrx_word' id='word_1_167' title='bbox 737 2765 905 2860; x_wconf 81' lang='lat' dir='ltr'><strong>compelli,</strong></span> <span class='ocrx_word' id='word_1_168' title='bbox 928 2791 1034 2862; x_wconf 85' lang='lat' dir='ltr'><strong>neque</strong></span> <span class='ocrx_word' id='word_1_169' title='bbox 1053 2768 1220 2836; x_wconf 90' lang='lat' dir='ltr'><strong>bonorum</strong></span> 
     </span>
     <span class='ocr_line' id='line_1_23' title="bbox 164 2871 1219 2967; baseline 0 -27"><span class='ocrx_word' id='word_1_170' title='bbox 164 2873 390 2967; x_wconf 80' lang='lat' dir='ltr'><strong>magnitudine</strong></span> <span class='ocrx_word' id='word_1_171' title='bbox 412 2873 529 2944; x_wconf 85' lang='lat' dir='ltr'><strong>adduci</strong></span> <span class='ocrx_word' id='word_1_172' title='bbox 553 2875 683 2966; x_wconf 81' lang='lat' dir='ltr'><strong>potuit,</strong></span> <span class='ocrx_word' id='word_1_173' title='bbox 699 2897 765 2965; x_wconf 92' lang='lat' dir='ltr'><strong>quo</strong></span> <span class='ocrx_word' id='word_1_174' title='bbox 785 2897 819 2940; x_wconf 90' lang='lat' dir='ltr'><strong>se</strong></span> <span class='ocrx_word' id='word_1_175' title='bbox 838 2871 1042 2942; x_wconf 80' lang='lat' dir='ltr'><strong>blandiorem</strong></span> <span class='ocrx_word' id='word_1_176' title='bbox 1062 2874 1095 2941; x_wconf 93' lang='lat' dir='ltr'><strong>in</strong></span> <span class='ocrx_word' id='word_1_177' title='bbox 1113 2873 1219 2941; x_wconf 87' lang='lat' dir='ltr'><strong>admi-</strong></span> 
     </span>
     <span class='ocr_line' id='line_1_24' title="bbox 163 2977 730 3073; baseline -0.002 -27"><span class='ocrx_word' id='word_1_178' title='bbox 163 2979 355 3048; x_wconf 88' lang='lat' dir='ltr'><strong>nistratione</strong></span> <span class='ocrx_word' id='word_1_179' title='bbox 376 2978 561 3073; x_wconf 70' lang='lat' dir='ltr'><strong>reipublice</strong></span> <span class='ocrx_word' id='word_1_180' title='bbox 582 2977 730 3072; x_wconf 75' lang='lat' dir='ltr'><strong>gereret?</strong></span> 
     </span>
    </p>
   </div>
   <div class='ocr_carea' id='block_1_3' title="bbox 160 3170 1224 4278">
    <p class='ocr_par' dir='ltr' id='par_1_3' title="bbox 161 3170 1223 3321">
     <span class='ocr_line' id='line_1_25' title="bbox 161 3170 1223 3244; baseline 0.002 -20"><span class='ocrx_word' id='word_1_181' title='bbox 161 3191 273 3243; x_wconf 84' lang='lat' dir='ltr'><strong>corpora</strong></span> <span class='ocrx_word' id='word_1_182' title='bbox 285 3173 468 3236; x_wconf 75' lang='lat' dir='ltr'><strong>stabiliuntur,</strong></span> <span class='ocrx_word' id='word_1_183' title='bbox 477 3171 670 3226; x_wconf 85' lang='lat' dir='ltr'><strong>itabisduobus</strong></span> <span class='ocrx_word' id='word_1_184' title='bbox 755 3178 782 3234; x_wconf 71' lang='grc'><strong>4.</strong></span> <span class='ocrx_word' id='word_1_185' title='bbox 790 3171 914 3224; x_wconf 74' lang='lat' dir='ltr'><strong>AEranos.</strong></span> <span class='ocrx_word' id='word_1_186' title='bbox 922 3170 1088 3225; x_wconf 76' lang='lat' dir='ltr'><strong>AEnriidicti</strong></span> <span class='ocrx_word' id='word_1_187' title='bbox 1096 3173 1154 3244; x_wconf 86' lang='lat' dir='ltr'><strong>,qui</strong></span> <span class='ocrx_word' id='word_1_188' title='bbox 1164 3174 1223 3226; x_wconf 87' lang='lat' dir='ltr'><strong>nul·</strong></span> 
     </span>
     <span class='ocr_line' id='line_1_26' title="bbox 162 3247 1221 3321; baseline 0.001 -17"><span class='ocrx_word' id='word_1_189' title='bbox 162 3252 278 3321; x_wconf 87' lang='lat' dir='ltr'><strong>respubl.</strong></span> <span class='ocrx_word' id='word_1_190' title='bbox 294 3251 447 3306; x_wconf 79' lang='lat' dir='ltr'><strong>confirmate</strong></span> <span class='ocrx_word' id='word_1_191' title='bbox 462 3250 609 3305; x_wconf 83' lang='lat' dir='ltr'><strong>videbatur.</strong></span> <span class='ocrx_word' id='word_1_192' title='bbox 679 3247 685 3258; x_wconf 88' lang='lat'>&#39;</span> <span class='ocrx_word' id='word_1_193' title='bbox 713 3250 768 3304; x_wconf 90' lang='lat' dir='ltr'><strong>lum</strong></span> <span class='ocrx_word' id='word_1_194' title='bbox 778 3251 977 3320; x_wconf 77' lang='lat' dir='ltr'><strong>jusbabuerunt</strong></span> <span class='ocrx_word' id='word_1_195' title='bbox 988 3251 1016 3304; x_wconf 88' lang='lat' dir='ltr'><strong>iu</strong></span> <span class='ocrx_word' id='word_1_196' title='bbox 1025 3253 1098 3305; x_wconf 81' lang='lat' dir='ltr'><strong>curia</strong></span> <span class='ocrx_word' id='word_1_197' title='bbox 1110 3265 1136 3304; x_wconf 90' lang='lat' dir='ltr'><strong>et</strong></span> <span class='ocrx_word' id='word_1_198' title='bbox 1149 3253 1221 3306; x_wconf 85' lang='lat' dir='ltr'><strong>tribu</strong></span> 
     </span>
    </p>

    <p class='ocr_par' dir='ltr' id='par_1_4' title="bbox 165 3329 1222 3560">
     <span class='ocr_line' id='line_1_27' title="bbox 210 3329 1221 3403; baseline 0.004 -22"><span class='ocrx_word' id='word_1_199' title='bbox 210 3348 235 3382; x_wconf 89' lang='lat' dir='ltr'><strong>r.</strong></span> <span class='ocrx_word' id='word_1_200' title='bbox 256 3331 360 3399; x_wconf 84' lang='lat' dir='ltr'><strong>Equum.</strong></span> <span class='ocrx_word' id='word_1_201' title='bbox 381 3331 470 3402; x_wconf 79' lang='lat' dir='ltr'><strong>Equus</strong></span> <span class='ocrx_word' id='word_1_202' title='bbox 491 3331 535 3384; x_wconf 89' lang='lat' dir='ltr'><strong>ille</strong></span> <span class='ocrx_word' id='word_1_203' title='bbox 550 3331 671 3403; x_wconf 89' lang='lat' dir='ltr'><strong>publicus</strong></span> <span class='ocrx_word' id='word_1_204' title='bbox 714 3348 759 3384; x_wconf 82' lang='lat' dir='ltr'><strong>sus</strong></span> <span class='ocrx_word' id='word_1_205' title='bbox 781 3331 900 3402; x_wconf 74' lang='lat' dir='ltr'><strong>suffragii</strong></span> <span class='ocrx_word' id='word_1_206' title='bbox 918 3329 1037 3396; x_wconf 76' lang='lat' dir='ltr'><strong>ferendi,</strong></span> <span class='ocrx_word' id='word_1_207' title='bbox 1057 3330 1103 3384; x_wconf 82' lang='lat' dir='ltr'><strong>ssd</strong></span> <span class='ocrx_word' id='word_1_208' title='bbox 1119 3343 1221 3386; x_wconf 78' lang='lat' dir='ltr'><strong>tantum</strong></span> 
     </span>
     <span class='ocr_line' id='line_1_28' title="bbox 165 3409 1222 3482; baseline 0.003 -21"><span class='ocrx_word' id='word_1_209' title='bbox 165 3421 238 3466; x_wconf 77' lang='lat' dir='ltr'><strong>erut,</strong></span> <span class='ocrx_word' id='word_1_210' title='bbox 255 3427 332 3480; x_wconf 84' lang='lat' dir='ltr'><strong>quem</strong></span> <span class='ocrx_word' id='word_1_211' title='bbox 344 3411 403 3478; x_wconf 81' lang='lat' dir='ltr'><strong>jure</strong></span> <span class='ocrx_word' id='word_1_212' title='bbox 413 3409 513 3462; x_wconf 83' lang='lat' dir='ltr'><strong>ordinis</strong></span> <span class='ocrx_word' id='word_1_213' title='bbox 524 3423 670 3480; x_wconf 82' lang='lat' dir='ltr'><strong>acceperet,</strong></span> <span class='ocrx_word' id='word_1_214' title='bbox 714 3409 857 3482; x_wconf 81' lang='lat' dir='ltr'><strong>procepite</strong></span> <span class='ocrx_word' id='word_1_215' title='bbox 875 3429 923 3463; x_wconf 91' lang='lat' dir='ltr'><strong>suo</strong></span> <span class='ocrx_word' id='word_1_216' title='bbox 938 3412 1030 3464; x_wconf 89' lang='lat' dir='ltr'><strong>tributi</strong></span> <span class='ocrx_word' id='word_1_217' title='bbox 1046 3411 1156 3464; x_wconf 88' lang='lat' dir='ltr'><strong>nomine</strong></span> <span class='ocrx_word' id='word_1_218' title='bbox 1171 3430 1222 3464; x_wconf 68' lang='lat' dir='ltr'><strong>ere</strong></span> 
     </span>
     <span class='ocr_line' id='line_1_29' title="bbox 165 3487 872 3560; baseline 0.004 -21"><span class='ocrx_word' id='word_1_219' title='bbox 165 3487 266 3560; x_wconf 81' lang='lat' dir='ltr'><strong>quique</strong></span> <span class='ocrx_word' id='word_1_220' title='bbox 279 3488 384 3559; x_wconf 84' lang='lat' dir='ltr'><strong>publica</strong></span> <span class='ocrx_word' id='word_1_221' title='bbox 396 3489 513 3560; x_wconf 85' lang='lat' dir='ltr'><strong>impensa</strong></span> <span class='ocrx_word' id='word_1_222' title='bbox 524 3489 649 3542; x_wconf 82' lang='lat' dir='ltr'><strong>alebatur.</strong></span> <span class='ocrx_word' id='word_1_223' title='bbox 713 3489 872 3560; x_wconf 84' lang='lat' dir='ltr'><strong>pendebant.</strong></span> 
     </span>
    </p>

    <p class='ocr_par' dir='ltr' id='par_1_5' title="bbox 160 3567 1224 3882">
     <span class='ocr_line' id='line_1_30' title="bbox 209 3567 1224 3642; baseline 0.004 -23"><span class='ocrx_word' id='word_1_224' title='bbox 209 3587 235 3620; x_wconf 77' lang='lat' dir='ltr'><strong>a.</strong></span> <span class='ocrx_word' id='word_1_225' title='bbox 246 3567 321 3636; x_wconf 72' lang='lat' dir='ltr'><strong>(trad</strong></span> <span class='ocrx_word' id='word_1_226' title='bbox 330 3569 538 3620; x_wconf 81' lang='lat' dir='ltr'><strong>non.....n·diisset.</strong></span> <span class='ocrx_word' id='word_1_227' title='bbox 553 3567 633 3622; x_wconf 79' lang='lat' dir='ltr'><strong>Addit</strong></span> <span class='ocrx_word' id='word_1_228' title='bbox 645 3582 671 3622; x_wconf 85' lang='lat' dir='ltr'><strong>et</strong></span> <span class='ocrx_word' id='word_1_229' title='bbox 757 3570 782 3621; x_wconf 86' lang='lat'><strong>5.</strong></span> <span class='ocrx_word' id='word_1_230' title='bbox 792 3570 871 3638; x_wconf 72' lang='lat' dir='ltr'><strong>(fuum</strong></span> <span class='ocrx_word' id='word_1_231' title='bbox 881 3591 905 3620; x_wconf 84' lang='lat' dir='ltr'><strong>se</strong></span> <span class='ocrx_word' id='word_1_232' title='bbox 914 3570 1071 3621; x_wconf 72' lang='lat' dir='ltr'><strong>damnassent.</strong></span> <span class='ocrx_word' id='word_1_233' title='bbox 1080 3569 1119 3622; x_wconf 84' lang='lat' dir='ltr'><strong>lta</strong></span> <span class='ocrx_word' id='word_1_234' title='bbox 1128 3587 1176 3642; x_wconf 81' lang='lat' dir='ltr'><strong>per</strong></span> <span class='ocrx_word' id='word_1_235' title='bbox 1184 3569 1224 3623; x_wconf 84' lang='lat' dir='ltr'><strong>di·</strong></span> 
     </span>
     <span class='ocr_line' id='line_1_31' title="bbox 160 3647 1223 3721; baseline 0.001 -19"><span class='ocrx_word' id='word_1_236' title='bbox 160 3647 242 3702; x_wconf 81' lang='lat' dir='ltr'><strong>aliam</strong></span> <span class='ocrx_word' id='word_1_237' title='bbox 272 3665 375 3700; x_wconf 82' lang='lat' dir='ltr'><strong>causam</strong></span> <span class='ocrx_word' id='word_1_238' title='bbox 405 3647 463 3698; x_wconf 83' lang='lat' dir='ltr'><strong>Lir.</strong></span> <span class='ocrx_word' id='word_1_239' title='bbox 485 3647 592 3711; x_wconf 83' lang='lat' dir='ltr'>XXIX,</span> <span class='ocrx_word' id='word_1_240' title='bbox 618 3647 671 3712; x_wconf 72' lang='lat'><strong>32,</strong></span> <span class='ocrx_word' id='word_1_241' title='bbox 713 3648 1223 3721; x_wconf 70' lang='lat' dir='ltr'><strong>lemmaargumentatusesnSiinjuste</strong></span> 
     </span>
     <span class='ocr_line' id='line_1_32' title="bbox 164 3724 1222 3798; baseline 0.005 -20"><span class='ocrx_word' id='word_1_242' title='bbox 164 3725 239 3798; x_wconf 89' lang='lat' dir='ltr'><strong>quod</strong></span> <span class='ocrx_word' id='word_1_243' title='bbox 254 3739 280 3779; x_wconf 90' lang='lat' dir='ltr'><strong>et</strong></span> <span class='ocrx_word' id='word_1_244' title='bbox 294 3727 386 3778; x_wconf 86' lang='lat' dir='ltr'><strong>falsum</strong></span> <span class='ocrx_word' id='word_1_245' title='bbox 401 3724 523 3779; x_wconf 84' lang='lat' dir='ltr'><strong>adversas</strong></span> <span class='ocrx_word' id='word_1_246' title='bbox 537 3729 621 3798; x_wconf 87' lang='lat' dir='ltr'><strong>ipsum</strong></span> <span class='ocrx_word' id='word_1_247' title='bbox 636 3741 671 3780; x_wconf 87' lang='lat' dir='ltr'><strong>te·</strong></span> <span class='ocrx_word' id='word_1_248' title='bbox 714 3747 757 3780; x_wconf 85' lang='lat' dir='ltr'><strong>me</strong></span> <span class='ocrx_word' id='word_1_249' title='bbox 770 3727 926 3794; x_wconf 82' lang='lat' dir='ltr'><strong>damnastis,</strong></span> <span class='ocrx_word' id='word_1_250' title='bbox 938 3728 995 3780; x_wconf 86' lang='lat' dir='ltr'><strong>sine</strong></span> <span class='ocrx_word' id='word_1_251' title='bbox 1009 3726 1092 3780; x_wconf 90' lang='lat' dir='ltr'><strong>dubio</strong></span> <span class='ocrx_word' id='word_1_252' title='bbox 1104 3732 1222 3783; x_wconf 82' lang='lat' dir='ltr'><strong>oensoria</strong></span> 
     </span>
     <span class='ocr_line' id='line_1_33' title="bbox 164 3804 1222 3882; baseline 0.004 -24"><span class='ocrx_word' id='word_1_253' title='bbox 164 3805 318 3858; x_wconf 84' lang='lat' dir='ltr'><strong>stimonium</strong></span> <span class='ocrx_word' id='word_1_254' title='bbox 333 3804 449 3858; x_wconf 79' lang='lat' dir='ltr'><strong>dixisset.</strong></span> <span class='ocrx_word' id='word_1_255' title='bbox 714 3821 776 3860; x_wconf 81' lang='lat' dir='ltr'><strong>nota</strong></span> <span class='ocrx_word' id='word_1_256' title='bbox 785 3808 858 3878; x_wconf 77' lang='lat' dir='ltr'><strong>digni</strong></span> <span class='ocrx_word' id='word_1_257' title='bbox 873 3809 947 3872; x_wconf 79' lang='lat' dir='ltr'><strong>estis3</strong></span> <span class='ocrx_word' id='word_1_258' title='bbox 960 3808 981 3860; x_wconf 85' lang='lat' dir='ltr'><strong>si</strong></span> <span class='ocrx_word' id='word_1_259' title='bbox 991 3809 1073 3878; x_wconf 81' lang='lat' dir='ltr'><strong>juste,</strong></span> <span class='ocrx_word' id='word_1_260' title='bbox 1086 3827 1222 3882; x_wconf 70' lang='lat' dir='ltr'><strong>uunquam</strong></span> 
     </span>
    </p>

    <p class='ocr_par' dir='ltr' id='par_1_6' title="bbox 161 3883 1224 4278">
     <span class='ocr_line' id='line_1_34' title="bbox 209 3883 1224 3960; baseline 0.004 -22"><span class='ocrx_word' id='word_1_261' title='bbox 209 3885 234 3940; x_wconf 83' lang='lat'><strong>3.</strong></span> <span class='ocrx_word' id='word_1_262' title='bbox 250 3883 672 3956; x_wconf 63' lang='lat' dir='ltr'><strong>Sabramprincrpir.ddulaturet</strong></span> <span class='ocrx_word' id='word_1_263' title='bbox 715 3887 879 3940; x_wconf 82' lang='lat' dir='ltr'><strong>consulatum</strong></span> <span class='ocrx_word' id='word_1_264' title='bbox 899 3905 948 3940; x_wconf 88' lang='lat' dir='ltr'><strong>nec</strong></span> <span class='ocrx_word' id='word_1_265' title='bbox 963 3905 1098 3940; x_wconf 76' lang='lat' dir='ltr'><strong>censuram</strong></span> <span class='ocrx_word' id='word_1_266' title='bbox 1110 3928 1118 3954; x_wconf 89' lang='lat'>‚</span> <span class='ocrx_word' id='word_1_267' title='bbox 1130 3899 1224 3960; x_wconf 85' lang='lat' dir='ltr'><strong>utpote</strong></span> 
     </span>
     <span class='ocr_line' id='line_1_35' title="bbox 166 3963 1222 4038; baseline 0.004 -22"><span class='ocrx_word' id='word_1_268' title='bbox 166 3963 211 4017; x_wconf 89' lang='lat' dir='ltr'><strong>bic</strong></span> <span class='ocrx_word' id='word_1_269' title='bbox 222 3965 337 4018; x_wconf 82' lang='lat' dir='ltr'><strong>Tiberio</strong></span> <span class='ocrx_word' id='word_1_270' title='bbox 349 3993 390 4008; x_wconf 82' lang='lat'><strong>--</strong></span> <span class='ocrx_word' id='word_1_271' title='bbox 401 3965 526 4017; x_wconf 76' lang='lat' dir='ltr'><strong>Communi</strong></span> <span class='ocrx_word' id='word_1_272' title='bbox 539 3968 614 4035; x_wconf 83' lang='lat' dir='ltr'><strong>stirpi.</strong></span> <span class='ocrx_word' id='word_1_273' title='bbox 629 3967 671 4018; x_wconf 84' lang='grc' dir='ltr'><strong><em>Τι’·</em></strong></span> <span class='ocrx_word' id='word_1_274' title='bbox 715 3965 913 4038; x_wconf 63' lang='lat' dir='ltr'><strong>indignomibi</strong></span> <span class='ocrx_word' id='word_1_275' title='bbox 921 3965 1048 4020; x_wconf 81' lang='lat' dir='ltr'><strong>debuistis</strong></span> <span class='ocrx_word' id='word_1_276' title='bbox 1054 3965 1222 4021; x_wconf 78' lang='lat' dir='ltr'><strong>demandare.</strong></span> 
     </span>
     <span class='ocr_line' id='line_1_36' title="bbox 168 4042 1223 4118; baseline 0.005 -23"><span class='ocrx_word' id='word_1_277' title='bbox 168 4043 245 4108; x_wconf 75' lang='lat' dir='ltr'><strong>terto,</strong></span> <span class='ocrx_word' id='word_1_278' title='bbox 257 4057 287 4096; x_wconf 87' lang='lat' dir='ltr'><strong>ut</strong></span> <span class='ocrx_word' id='word_1_279' title='bbox 299 4045 345 4116; x_wconf 89' lang='lat' dir='ltr'><strong>qui</strong></span> <span class='ocrx_word' id='word_1_280' title='bbox 358 4057 384 4097; x_wconf 83' lang='lat' dir='ltr'><strong>et</strong></span> <span class='ocrx_word' id='word_1_281' title='bbox 395 4045 428 4097; x_wconf 83' lang='lat' dir='ltr'><strong>ad</strong></span> <span class='ocrx_word' id='word_1_282' title='bbox 439 4042 578 4098; x_wconf 87' lang='lat' dir='ltr'><strong>Claudium</strong></span> <span class='ocrx_word' id='word_1_283' title='bbox 588 4045 671 4098; x_wconf 86' lang='lat' dir='ltr'><strong>Nero·</strong></span> <span class='ocrx_word' id='word_1_284' title='bbox 757 4050 783 4098; x_wconf 82' lang='lat' dir='ltr'><strong>s.</strong></span> <span class='ocrx_word' id='word_1_285' title='bbox 795 4045 903 4116; x_wconf 68' lang='lat' dir='ltr'><strong>Peperit</strong></span> <span class='ocrx_word' id='word_1_286' title='bbox 910 4051 991 4098; x_wconf 84' lang='lat' dir='ltr'><strong>teneri.</strong></span> <span class='ocrx_word' id='word_1_287' title='bbox 1004 4047 1073 4112; x_wconf 78' lang='lat' dir='ltr'><strong>Quia</strong></span> <span class='ocrx_word' id='word_1_288' title='bbox 1084 4049 1170 4100; x_wconf 87' lang='lat' dir='ltr'><strong>tribus</strong></span> <span class='ocrx_word' id='word_1_289' title='bbox 1180 4051 1223 4118; x_wconf 79' lang='lat' dir='ltr'><strong>jn·</strong></span> 
     </span>
     <span class='ocr_line' id='line_1_37' title="bbox 166 4122 1224 4198; baseline 0.004 -23"><span class='ocrx_word' id='word_1_290' title='bbox 166 4141 227 4176; x_wconf 84' lang='lat' dir='ltr'><strong>nem</strong></span> <span class='ocrx_word' id='word_1_291' title='bbox 238 4136 264 4175; x_wconf 87' lang='lat' dir='ltr'><strong>et</strong></span> <span class='ocrx_word' id='word_1_292' title='bbox 276 4122 309 4176; x_wconf 86' lang='lat' dir='ltr'><strong>ad</strong></span> <span class='ocrx_word' id='word_1_293' title='bbox 324 4125 429 4178; x_wconf 84' lang='lat' dir='ltr'><strong>Livium</strong></span> <span class='ocrx_word' id='word_1_294' title='bbox 443 4124 613 4178; x_wconf 77' lang='lat' dir='ltr'><strong>Salinatorem</strong></span> <span class='ocrx_word' id='word_1_295' title='bbox 628 4143 671 4196; x_wconf 75' lang='lat' dir='ltr'><strong>ge·</strong></span> <span class='ocrx_word' id='word_1_296' title='bbox 716 4125 822 4190; x_wconf 85' lang='lat' dir='ltr'><strong>rabant,</strong></span> <span class='ocrx_word' id='word_1_297' title='bbox 838 4143 866 4178; x_wconf 82' lang='lat' dir='ltr'><strong>se</strong></span> <span class='ocrx_word' id='word_1_298' title='bbox 885 4126 999 4180; x_wconf 86' lang='lat' dir='ltr'><strong>bonores</strong></span> <span class='ocrx_word' id='word_1_299' title='bbox 1018 4139 1044 4179; x_wconf 87' lang='lat' dir='ltr'><strong>et</strong></span> <span class='ocrx_word' id='word_1_300' title='bbox 1059 4127 1224 4198; x_wconf 69' lang='lat' dir='ltr'><strong>magistratus</strong></span> 
     </span>
     <span class='ocr_line' id='line_1_38' title="bbox 161 4193 1164 4278; baseline 0.004 -23"><span class='ocrx_word' id='word_1_301' title='bbox 161 4221 214 4270; x_wconf 61' lang='lat' dir='ltr'><strong>⁴nm</strong></span> <span class='ocrx_word' id='word_1_302' title='bbox 229 4203 348 4258; x_wconf 77' lang='lat' dir='ltr'><strong>referret.</strong></span> <span class='ocrx_word' id='word_1_303' title='bbox 364 4203 435 4258; x_wconf 83' lang='lat' dir='ltr'><strong>Vide</strong></span> <span class='ocrx_word' id='word_1_304' title='bbox 446 4193 609 4259; x_wconf 74' lang='lat' dir='ltr'><strong>Suetonidm.</strong></span> <span class='ocrx_word' id='word_1_305' title='bbox 717 4205 810 4270; x_wconf 84' lang='lat' dir='ltr'><strong>nullis,</strong></span> <span class='ocrx_word' id='word_1_306' title='bbox 826 4205 878 4260; x_wconf 84' lang='lat' dir='ltr'><strong>nisi</strong></span> <span class='ocrx_word' id='word_1_307' title='bbox 896 4205 999 4278; x_wconf 71' lang='lat' dir='ltr'><strong>dignis,</strong></span> <span class='ocrx_word' id='word_1_308' title='bbox 1016 4207 1164 4260; x_wconf 77' lang='lat' dir='ltr'><strong>rollsturss.</strong></span> 
     </span>
    </p>
   </div>
   <div class='ocr_carea' id='block_1_4' title="bbox 986 4275 1053 4357">
    <p class='ocr_par' dir='ltr' id='par_1_7' title="bbox 986 4275 1053 4357">
     <span class='ocr_line' id='line_1_39' title="bbox 986 4275 1053 4357; baseline 0 0"><span class='ocrx_word' id='word_1_309' title='bbox 986 4275 1053 4357; x_wconf 62' lang='grc' dir='ltr'><strong>Η1</strong></span> 
     </span>
    </p>
   </div>
   <div class='ocr_carea' id='block_1_5' title="bbox 0 0 1598 5132">
    <p class='ocr_par' dir='ltr' id='par_1_8' title="bbox 0 0 1598 5132">
     <span class='ocr_line' id='line_1_40' title="bbox 0 0 1598 5132; baseline 0 0"><span class='ocrx_word' id='word_1_310' title='bbox 0 0 1598 5132; x_wconf 95' lang='lat' dir='ltr'><strong> </strong></span> 
     </span>
    </p>
   </div>
  </div>
 </body>
</html>
