<?xml version="1.0" encoding="UTF-8"?>
<!DOCTYPE html PUBLIC "-//W3C//DTD XHTML 1.0 Transitional//EN"
    "http://www.w3.org/TR/xhtml1/DTD/xhtml1-transitional.dtd">
<html xmlns="http://www.w3.org/1999/xhtml" xml:lang="en" lang="en">
 <head>
  <title>
</title>
<meta http-equiv="Content-Type" content="text/html;charset=utf-8" />
  <meta name='ocr-system' content='tesseract 3.04.00' />
  <meta name='ocr-capabilities' content='ocr_page ocr_carea ocr_par ocr_line ocrx_word'/>
</head>
<body>
  <div class='ocr_page' id='page_1' title='image "./valeriusmaximus01lykogoog_0015.png"; bbox 0 0 3218 5128; ppageno 0'>
   <div class='ocr_carea' id='block_1_1' title="bbox 345 515 996 584">
    <p class='ocr_par' dir='ltr' id='par_1_1' title="bbox 345 515 996 584">
     <span class='ocr_line' id='line_1_1' title="bbox 345 515 996 584; baseline 0.002 -3"><span class='ocrx_word' id='word_1_1' title='bbox 345 536 412 582; x_wconf 80' lang='lat' dir='ltr'>rin</span> <span class='ocrx_word' id='word_1_2' title='bbox 733 515 996 584; x_wconf 83' lang='lat' dir='ltr'><strong>EDITORIS</strong></span> 
     </span>
    </p>
   </div>
   <div class='ocr_carea' id='block_1_2' title="bbox 345 660 1408 1009">
    <p class='ocr_par' dir='ltr' id='par_1_2' title="bbox 345 660 1408 1009">
     <span class='ocr_line' id='line_1_2' title="bbox 345 660 1408 760; baseline 0.008 -29"><span class='ocrx_word' id='word_1_3' title='bbox 345 687 383 733; x_wconf 91' lang='lat' dir='ltr'>re</span> <span class='ocrx_word' id='word_1_4' title='bbox 408 660 586 732; x_wconf 91' lang='lat' dir='ltr'>desiderio</span> <span class='ocrx_word' id='word_1_5' title='bbox 612 661 840 732; x_wconf 81' lang='lat' dir='ltr'>eruditissimi</span> <span class='ocrx_word' id='word_1_6' title='bbox 871 662 1017 734; x_wconf 89' lang='lat' dir='ltr'>editoris</span> <span class='ocrx_word' id='word_1_7' title='bbox 1043 661 1271 736; x_wconf 75' lang='lat' dir='ltr'>Bibliotheca</span> <span class='ocrx_word' id='word_1_8' title='bbox 1300 665 1408 760; x_wconf 76' lang='lat' dir='ltr'>hujus</span> 
     </span>
     <span class='ocr_line' id='line_1_3' title="bbox 345 783 1408 884; baseline 0.005 -28"><span class='ocrx_word' id='word_1_9' title='bbox 345 785 505 858; x_wconf 69' lang='lat' dir='ltr'>classica.</span> <span class='ocrx_word' id='word_1_10' title='bbox 514 783 670 856; x_wconf 85' lang='lat' dir='ltr'>Exhibet</span> <span class='ocrx_word' id='word_1_11' title='bbox 685 783 795 856; x_wconf 88' lang='lat' dir='ltr'>editio</span> <span class='ocrx_word' id='word_1_12' title='bbox 807 784 878 874; x_wconf 86' lang='lat' dir='ltr'>illa,</span> <span class='ocrx_word' id='word_1_13' title='bbox 888 787 918 858; x_wconf 90' lang='lat' dir='ltr'>si</span> <span class='ocrx_word' id='word_1_14' title='bbox 929 811 949 858; x_wconf 85' lang='lat' dir='ltr'>a</span> <span class='ocrx_word' id='word_1_15' title='bbox 961 788 1086 884; x_wconf 87' lang='lat' dir='ltr'>paucis</span> <span class='ocrx_word' id='word_1_16' title='bbox 1096 787 1408 861; x_wconf 73' lang='lat' dir='ltr'>immutationibus</span> 
     </span>
     <span class='ocr_line' id='line_1_4' title="bbox 345 905 1408 1009; baseline 0.006 -33"><span class='ocrx_word' id='word_1_17' title='bbox 345 908 565 996; x_wconf 81' lang='lat' dir='ltr'>discesseris,</span> <span class='ocrx_word' id='word_1_18' title='bbox 581 905 773 980; x_wconf 90' lang='lat' dir='ltr'>lectionem</span> <span class='ocrx_word' id='word_1_19' title='bbox 797 910 995 1007; x_wconf 88' lang='lat' dir='ltr'>praesertim</span> <span class='ocrx_word' id='word_1_20' title='bbox 1003 913 1154 999; x_wconf 89' lang='lat' dir='ltr'>Vorstii,</span> <span class='ocrx_word' id='word_1_21' title='bbox 1169 909 1233 1009; x_wconf 73' lang='lat' dir='ltr'>qui</span> <span class='ocrx_word' id='word_1_22' title='bbox 1249 927 1408 1001; x_wconf 87' lang='lat' dir='ltr'>textum,</span> 
     </span>
    </p>
   </div>
   <div class='ocr_carea' id='block_1_3' title="bbox 242 1031 1409 1130">
    <p class='ocr_par' dir='ltr' id='par_1_3' title="bbox 242 1031 1409 1130">
     <span class='ocr_line' id='line_1_5' title="bbox 242 1031 1409 1130; baseline 0.003 -28"><span class='ocrx_word' id='word_1_23' title='bbox 242 1103 253 1121; x_wconf 75' lang='grc'><em>,</em></span> <span class='ocrx_word' id='word_1_24' title='bbox 345 1031 544 1102; x_wconf 92' lang='lat' dir='ltr'>multorum</span> <span class='ocrx_word' id='word_1_25' title='bbox 556 1033 663 1130; x_wconf 91' lang='lat' dir='ltr'>nugis</span> <span class='ocrx_word' id='word_1_26' title='bbox 674 1032 985 1130; x_wconf 88' lang='lat' dir='ltr'>depravatum,ab</span> <span class='ocrx_word' id='word_1_27' title='bbox 997 1034 1128 1129; x_wconf 87' lang='lat' dir='ltr'>injuria</span> <span class='ocrx_word' id='word_1_28' title='bbox 1138 1034 1409 1106; x_wconf 89' lang='lat' dir='ltr'>emendantium</span> 
     </span>
    </p>
   </div>
   <div class='ocr_carea' id='block_1_4' title="bbox 346 1152 1425 4223">
    <p class='ocr_par' dir='ltr' id='par_1_4' title="bbox 346 1152 1416 2465">
     <span class='ocr_line' id='line_1_6' title="bbox 346 1152 1410 1257; baseline 0.006 -33"><span class='ocrx_word' id='word_1_29' title='bbox 346 1152 560 1243; x_wconf 87' lang='lat' dir='ltr'>defendere,</span> <span class='ocrx_word' id='word_1_30' title='bbox 579 1179 723 1254; x_wconf 77' lang='lat' dir='ltr'>suaque</span> <span class='ocrx_word' id='word_1_31' title='bbox 739 1157 936 1255; x_wconf 82' lang='lat' dir='ltr'>integritati</span> <span class='ocrx_word' id='word_1_32' title='bbox 956 1156 1060 1228; x_wconf 91' lang='lat' dir='ltr'>codd.</span> <span class='ocrx_word' id='word_1_33' title='bbox 1082 1161 1410 1257; x_wconf 89' lang='lat' dir='ltr'>manuscriptorum</span> 
     </span>
     <span class='ocr_line' id='line_1_7' title="bbox 346 1280 1412 1382; baseline 0.007 -33"><span class='ocrx_word' id='word_1_34' title='bbox 346 1303 417 1376; x_wconf 94' lang='lat' dir='ltr'>ope</span> <span class='ocrx_word' id='word_1_35' title='bbox 447 1280 636 1352; x_wconf 87' lang='lat' dir='ltr'>restituere</span> <span class='ocrx_word' id='word_1_36' title='bbox 664 1294 718 1351; x_wconf 89' lang='lat' dir='ltr'>est</span> <span class='ocrx_word' id='word_1_37' title='bbox 745 1295 907 1354; x_wconf 86' lang='lat' dir='ltr'>conatus.</span> <span class='ocrx_word' id='word_1_38' title='bbox 935 1283 1037 1372; x_wconf 88' lang='lat' dir='ltr'>Quos</span> <span class='ocrx_word' id='word_1_39' title='bbox 1057 1282 1279 1356; x_wconf 87' lang='lat' dir='ltr'>Bibliotheca</span> <span class='ocrx_word' id='word_1_40' title='bbox 1301 1283 1412 1382; x_wconf 87' lang='lat' dir='ltr'>Regia</span> 
     </span>
     <span class='ocr_line' id='line_1_8' title="bbox 347 1402 1411 1510; baseline 0.006 -36"><span class='ocrx_word' id='word_1_41' title='bbox 347 1416 464 1474; x_wconf 88' lang='lat' dir='ltr'>servat</span> <span class='ocrx_word' id='word_1_42' title='bbox 480 1402 622 1476; x_wconf 90' lang='lat' dir='ltr'>codices</span> <span class='ocrx_word' id='word_1_43' title='bbox 640 1403 772 1478; x_wconf 89' lang='lat' dir='ltr'>Valerii</span> <span class='ocrx_word' id='word_1_44' title='bbox 790 1404 1075 1504; x_wconf 83' lang='lat' dir='ltr'>duodetriginta,</span> <span class='ocrx_word' id='word_1_45' title='bbox 1091 1405 1134 1476; x_wconf 88' lang='lat' dir='ltr'>n⁰</span> <span class='ocrx_word' id='word_1_46' title='bbox 1154 1404 1306 1504; x_wconf 83' lang='lat'>5839—-</span> <span class='ocrx_word' id='word_1_47' title='bbox 1318 1405 1411 1510; x_wconf 76' lang='lat'>5860</span> 
     </span>
     <span class='ocr_line' id='line_1_9' title="bbox 347 1526 1411 1630; baseline 0.004 -32"><span class='ocrx_word' id='word_1_48' title='bbox 347 1543 384 1598; x_wconf 88' lang='lat' dir='ltr'>et</span> <span class='ocrx_word' id='word_1_49' title='bbox 408 1526 666 1616; x_wconf 74' lang='lat' dir='ltr'>ortt-6150,</span> <span class='ocrx_word' id='word_1_50' title='bbox 686 1531 771 1602; x_wconf 88' lang='lat' dir='ltr'>item</span> <span class='ocrx_word' id='word_1_51' title='bbox 794 1529 900 1602; x_wconf 85' lang='lat' dir='ltr'>nobis</span> <span class='ocrx_word' id='word_1_52' title='bbox 920 1529 1081 1603; x_wconf 88' lang='lat' dir='ltr'>subsidio</span> <span class='ocrx_word' id='word_1_53' title='bbox 1104 1530 1268 1620; x_wconf 88' lang='lat' dir='ltr'>fuerunt,</span> <span class='ocrx_word' id='word_1_54' title='bbox 1288 1535 1411 1630; x_wconf 78' lang='lat' dir='ltr'>pract-</span> 
     </span>
     <span class='ocr_line' id='line_1_10' title="bbox 350 1650 1411 1754; baseline 0.006 -32"><span class='ocrx_word' id='word_1_55' title='bbox 350 1676 421 1748; x_wconf 91' lang='lat' dir='ltr'>pue</span> <span class='ocrx_word' id='word_1_56' title='bbox 445 1651 535 1724; x_wconf 92' lang='lat' dir='ltr'>Cod.</span> <span class='ocrx_word' id='word_1_57' title='bbox 554 1650 669 1750; x_wconf 85' lang='lat'>5839,</span> <span class='ocrx_word' id='word_1_58' title='bbox 686 1652 844 1724; x_wconf 88' lang='lat' dir='ltr'>melioris</span> <span class='ocrx_word' id='word_1_59' title='bbox 862 1667 957 1726; x_wconf 90' lang='lat' dir='ltr'>notae</span> <span class='ocrx_word' id='word_1_60' title='bbox 975 1681 983 1724; x_wconf 92' lang='lat'><strong>:</strong></span> <span class='ocrx_word' id='word_1_61' title='bbox 1003 1680 1088 1726; x_wconf 87' lang='lat' dir='ltr'>nam</span> <span class='ocrx_word' id='word_1_62' title='bbox 1108 1655 1239 1754; x_wconf 88' lang='lat' dir='ltr'>reliqui</span> <span class='ocrx_word' id='word_1_63' title='bbox 1264 1681 1411 1745; x_wconf 90' lang='lat' dir='ltr'>omnes,</span> 
     </span>
     <span class='ocr_line' id='line_1_11' title="bbox 348 1775 1413 1875; baseline 0.006 -31"><span class='ocrx_word' id='word_1_64' title='bbox 348 1798 441 1870; x_wconf 91' lang='lat' dir='ltr'>quos</span> <span class='ocrx_word' id='word_1_65' title='bbox 454 1775 586 1872; x_wconf 89' lang='lat' dir='ltr'>passim</span> <span class='ocrx_word' id='word_1_66' title='bbox 602 1775 846 1874; x_wconf 84' lang='lat' dir='ltr'>inspeximus,</span> <span class='ocrx_word' id='word_1_67' title='bbox 865 1777 985 1848; x_wconf 89' lang='lat' dir='ltr'>minus</span> <span class='ocrx_word' id='word_1_68' title='bbox 1003 1777 1109 1848; x_wconf 88' lang='lat' dir='ltr'>utiles</span> <span class='ocrx_word' id='word_1_69' title='bbox 1126 1775 1323 1875; x_wconf 86' lang='lat' dir='ltr'>praeferuut</span> <span class='ocrx_word' id='word_1_70' title='bbox 1340 1779 1413 1850; x_wconf 91' lang='lat' dir='ltr'>lec·</span> 
     </span>
     <span class='ocr_line' id='line_1_12' title="bbox 350 1898 1414 1998; baseline 0.003 -30"><span class='ocrx_word' id='word_1_71' title='bbox 350 1899 492 1970; x_wconf 90' lang='lat' dir='ltr'>tionum</span> <span class='ocrx_word' id='word_1_72' title='bbox 512 1900 717 1990; x_wconf 87' lang='lat' dir='ltr'>varietates,</span> <span class='ocrx_word' id='word_1_73' title='bbox 735 1915 771 1971; x_wconf 91' lang='lat' dir='ltr'>et</span> <span class='ocrx_word' id='word_1_74' title='bbox 788 1898 952 1972; x_wconf 89' lang='lat' dir='ltr'>futurum</span> <span class='ocrx_word' id='word_1_75' title='bbox 971 1926 1120 1998; x_wconf 85' lang='lat' dir='ltr'>quoque</span> <span class='ocrx_word' id='word_1_76' title='bbox 1133 1901 1309 1975; x_wconf 88' lang='lat' dir='ltr'>editorem</span> <span class='ocrx_word' id='word_1_77' title='bbox 1324 1902 1414 1974; x_wconf 88' lang='lat' dir='ltr'>nihil</span> 
     </span>
     <span class='ocr_line' id='line_1_13' title="bbox 351 2023 1414 2124; baseline 0.004 -32"><span class='ocrx_word' id='word_1_78' title='bbox 351 2023 522 2120; x_wconf 84' lang='lat' dir='ltr'>(opinor)</span> <span class='ocrx_word' id='word_1_79' title='bbox 551 2037 769 2122; x_wconf 85' lang='lat' dir='ltr'>magnopere</span> <span class='ocrx_word' id='word_1_80' title='bbox 800 2023 1033 2120; x_wconf 85' lang='lat' dir='ltr'>adjuvabunt</span> <span class='ocrx_word' id='word_1_81' title='bbox 1064 2027 1199 2122; x_wconf 89' lang='lat' dir='ltr'>Hisque</span> <span class='ocrx_word' id='word_1_82' title='bbox 1227 2027 1340 2124; x_wconf 90' lang='lat' dir='ltr'>copiis</span> <span class='ocrx_word' id='word_1_83' title='bbox 1366 2027 1414 2096; x_wconf 89' lang='lat' dir='ltr'>ita</span> 
     </span>
     <span class='ocr_line' id='line_1_14' title="bbox 352 2147 1415 2247; baseline 0.006 -31"><span class='ocrx_word' id='word_1_84' title='bbox 352 2148 472 2218; x_wconf 89' lang='lat' dir='ltr'>conati</span> <span class='ocrx_word' id='word_1_85' title='bbox 497 2170 621 2216; x_wconf 91' lang='lat' dir='ltr'>sumus</span> <span class='ocrx_word' id='word_1_86' title='bbox 644 2149 714 2234; x_wconf 84' lang='lat' dir='ltr'>uti,</span> <span class='ocrx_word' id='word_1_87' title='bbox 729 2161 771 2218; x_wconf 91' lang='lat' dir='ltr'>ut</span> <span class='ocrx_word' id='word_1_88' title='bbox 794 2173 870 2220; x_wconf 90' lang='lat' dir='ltr'>non</span> <span class='ocrx_word' id='word_1_89' title='bbox 892 2147 1101 2220; x_wconf 89' lang='lat' dir='ltr'>dubitemus</span> <span class='ocrx_word' id='word_1_90' title='bbox 1125 2151 1215 2247; x_wconf 89' lang='lat' dir='ltr'>quin</span> <span class='ocrx_word' id='word_1_91' title='bbox 1234 2151 1415 2222; x_wconf 88' lang='lat' dir='ltr'>Valerium</span> 
     </span>
     <span class='ocr_line' id='line_1_15' title="bbox 352 2268 1416 2366; baseline 0.004 -26"><span class='ocrx_word' id='word_1_92' title='bbox 352 2268 538 2365; x_wconf 87' lang='lat' dir='ltr'>aliquanto</span> <span class='ocrx_word' id='word_1_93' title='bbox 556 2293 666 2366; x_wconf 87' lang='lat' dir='ltr'>quam</span> <span class='ocrx_word' id='word_1_94' title='bbox 688 2269 840 2342; x_wconf 87' lang='lat' dir='ltr'>antehac</span> <span class='ocrx_word' id='word_1_95' title='bbox 858 2272 1139 2343; x_wconf 86' lang='lat' dir='ltr'>emendatiorem</span> <span class='ocrx_word' id='word_1_96' title='bbox 1160 2271 1350 2344; x_wconf 88' lang='lat' dir='ltr'>habiturus</span> <span class='ocrx_word' id='word_1_97' title='bbox 1372 2276 1416 2346; x_wconf 91' lang='lat' dir='ltr'>sit</span> 
     </span>
     <span class='ocr_line' id='line_1_16' title="bbox 353 2393 479 2465; baseline -0.016 -2"><span class='ocrx_word' id='word_1_98' title='bbox 353 2393 479 2465; x_wconf 88' lang='lat' dir='ltr'>lector.</span> 
     </span>
    </p>

    <p class='ocr_par' dir='ltr' id='par_1_5' title="bbox 355 2516 1425 4223">
     <span class='ocr_line' id='line_1_17' title="bbox 403 2516 1418 2618; baseline 0.006 -30"><span class='ocrx_word' id='word_1_99' title='bbox 403 2519 661 2590; x_wconf 88' lang='lat' dir='ltr'>Commentarii</span> <span class='ocrx_word' id='word_1_100' title='bbox 678 2519 793 2589; x_wconf 84' lang='lat' dir='ltr'>textui</span> <span class='ocrx_word' id='word_1_101' title='bbox 811 2516 965 2614; x_wconf 80' lang='lat' dir='ltr'>subjecti</span> <span class='ocrx_word' id='word_1_102' title='bbox 980 2519 1053 2614; x_wconf 89' lang='lat' dir='ltr'>jam</span> <span class='ocrx_word' id='word_1_103' title='bbox 1076 2545 1241 2618; x_wconf 84' lang='lat' dir='ltr'>quaenam</span> <span class='ocrx_word' id='word_1_104' title='bbox 1262 2524 1355 2594; x_wconf 87' lang='lat' dir='ltr'>ratio</span> <span class='ocrx_word' id='word_1_105' title='bbox 1373 2524 1418 2594; x_wconf 90' lang='lat' dir='ltr'>sit</span> 
     </span>
     <span class='ocr_line' id='line_1_18' title="bbox 355 2640 1418 2740; baseline 0.004 -28"><span class='ocrx_word' id='word_1_106' title='bbox 355 2640 599 2714; x_wconf 86' lang='lat' dir='ltr'>ostendamus.</span> <span class='ocrx_word' id='word_1_107' title='bbox 634 2647 794 2740; x_wconf 85' lang='lat' dir='ltr'>Magnus¹</span> <span class='ocrx_word' id='word_1_108' title='bbox 815 2667 900 2716; x_wconf 88' lang='lat' dir='ltr'>sane</span> <span class='ocrx_word' id='word_1_109' title='bbox 930 2667 1104 2715; x_wconf 88' lang='lat' dir='ltr'>numerus</span> <span class='ocrx_word' id='word_1_110' title='bbox 1136 2659 1190 2717; x_wconf 89' lang='lat' dir='ltr'>est</span> <span class='ocrx_word' id='word_1_111' title='bbox 1217 2645 1418 2718; x_wconf 83' lang='lat' dir='ltr'>editionum</span> 
     </span>
     <span class='ocr_line' id='line_1_19' title="bbox 355 2764 1418 2866; baseline 0.003 -29"><span class='ocrx_word' id='word_1_112' title='bbox 355 2764 502 2854; x_wconf 88' lang='lat' dir='ltr'>Valerii,</span> <span class='ocrx_word' id='word_1_113' title='bbox 528 2790 608 2863; x_wconf 88' lang='lat' dir='ltr'>quae</span> <span class='ocrx_word' id='word_1_114' title='bbox 633 2765 678 2838; x_wconf 90' lang='lat' dir='ltr'>ab</span> <span class='ocrx_word' id='word_1_115' title='bbox 703 2766 849 2838; x_wconf 86' lang='lat' dir='ltr'>inventa</span> <span class='ocrx_word' id='word_1_116' title='bbox 874 2765 958 2838; x_wconf 90' lang='lat' dir='ltr'>inde</span> <span class='ocrx_word' id='word_1_117' title='bbox 985 2769 1222 2866; x_wconf 88' lang='lat' dir='ltr'>typographia</span> <span class='ocrx_word' id='word_1_118' title='bbox 1242 2771 1281 2840; x_wconf 89' lang='lat' dir='ltr'>in</span> <span class='ocrx_word' id='word_1_119' title='bbox 1300 2769 1418 2842; x_wconf 88' lang='lat' dir='ltr'>lucem</span> 
     </span>
     <span class='ocr_line' id='line_1_20' title="bbox 356 2889 1419 2990; baseline 0.002 -30"><span class='ocrx_word' id='word_1_120' title='bbox 356 2889 572 2988; x_wconf 88' lang='lat' dir='ltr'>prodierunt</span> <span class='ocrx_word' id='word_1_121' title='bbox 601 2916 608 2959; x_wconf 93' lang='lat'><strong>:</strong></span> <span class='ocrx_word' id='word_1_122' title='bbox 634 2891 854 2988; x_wconf 82' lang='lat' dir='ltr'>grammatici</span> <span class='ocrx_word' id='word_1_123' title='bbox 888 2889 1024 2962; x_wconf 83' lang='lat' dir='ltr'>saeculis</span> <span class='ocrx_word' id='word_1_124' title='bbox 1061 2891 1309 2990; x_wconf 85' lang='lat' dir='ltr'>superioribus</span> <span class='ocrx_word' id='word_1_125' title='bbox 1344 2919 1419 2964; x_wconf 90' lang='lat' dir='ltr'>non</span> 
     </span>
     <span class='ocr_line' id='line_1_21' title="bbox 358 3013 1420 3112; baseline 0.002 -28"><span class='ocrx_word' id='word_1_126' title='bbox 358 3013 576 3104; x_wconf 89' lang='lat' dir='ltr'>incelebres,</span> <span class='ocrx_word' id='word_1_127' title='bbox 591 3013 831 3111; x_wconf 90' lang='lat' dir='ltr'>hominesque</span> <span class='ocrx_word' id='word_1_128' title='bbox 844 3015 883 3084; x_wconf 92' lang='lat' dir='ltr'>in</span> <span class='ocrx_word' id='word_1_129' title='bbox 899 3013 1047 3086; x_wconf 90' lang='lat' dir='ltr'>historia</span> <span class='ocrx_word' id='word_1_130' title='bbox 1058 3018 1193 3112; x_wconf 89' lang='lat' dir='ltr'>magni,</span> <span class='ocrx_word' id='word_1_131' title='bbox 1209 3033 1271 3088; x_wconf 92' lang='lat' dir='ltr'>aut</span> <span class='ocrx_word' id='word_1_132' title='bbox 1282 3015 1420 3088; x_wconf 84' lang='lat' dir='ltr'>urbana</span> 
     </span>
     <span class='ocr_line' id='line_1_22' title="bbox 358 3111 1421 3236; baseline 0.002 -28"><span class='ocrx_word' id='word_1_133' title='bbox 358 3111 460 3209; x_wconf 88' lang='lat' dir='ltr'>latini</span> <span class='ocrx_word' id='word_1_134' title='bbox 483 3139 657 3210; x_wconf 89' lang='lat' dir='ltr'>sermonis</span> <span class='ocrx_word' id='word_1_135' title='bbox 678 3137 898 3236; x_wconf 87' lang='lat' dir='ltr'>expolitione</span> <span class='ocrx_word' id='word_1_136' title='bbox 918 3137 1026 3226; x_wconf 91' lang='lat' dir='ltr'>culti,</span> <span class='ocrx_word' id='word_1_137' title='bbox 1048 3139 1087 3208; x_wconf 90' lang='lat' dir='ltr'>in</span> <span class='ocrx_word' id='word_1_138' title='bbox 1109 3138 1321 3212; x_wconf 90' lang='lat' dir='ltr'>illustrando</span> <span class='ocrx_word' id='word_1_139' title='bbox 1335 3165 1421 3211; x_wconf 91' lang='lat' dir='ltr'>auc-</span> 
     </span>
     <span class='ocr_line' id='line_1_23' title="bbox 359 3259 1419 3359; baseline -0.003 -27"><span class='ocrx_word' id='word_1_140' title='bbox 359 3276 438 3345; x_wconf 85' lang='lat' dir='ltr'>tore</span> <span class='ocrx_word' id='word_1_141' title='bbox 472 3275 596 3332; x_wconf 89' lang='lat' dir='ltr'>nostro</span> <span class='ocrx_word' id='word_1_142' title='bbox 626 3285 773 3359; x_wconf 90' lang='lat' dir='ltr'>operam</span> <span class='ocrx_word' id='word_1_143' title='bbox 802 3275 1005 3359; x_wconf 91' lang='lat' dir='ltr'>posuerunt</span> <span class='ocrx_word' id='word_1_144' title='bbox 1041 3261 1236 3334; x_wconf 89' lang='lat' dir='ltr'>admodum</span> <span class='ocrx_word' id='word_1_145' title='bbox 1268 3259 1419 3336; x_wconf 86' lang='lat' dir='ltr'>felicem.</span> 
     </span>
     <span class='ocr_line' id='line_1_24' title="bbox 360 3384 1421 3458; baseline 0 0"><span class='ocrx_word' id='word_1_146' title='bbox 360 3385 431 3458; x_wconf 88' lang='lat' dir='ltr'>Sed</span> <span class='ocrx_word' id='word_1_147' title='bbox 449 3409 577 3457; x_wconf 90' lang='lat' dir='ltr'>eorum</span> <span class='ocrx_word' id='word_1_148' title='bbox 595 3399 699 3456; x_wconf 90' lang='lat' dir='ltr'>notas</span> <span class='ocrx_word' id='word_1_149' title='bbox 721 3409 847 3456; x_wconf 89' lang='lat' dir='ltr'>omnes</span> <span class='ocrx_word' id='word_1_150' title='bbox 869 3384 941 3456; x_wconf 93' lang='lat' dir='ltr'>huc</span> <span class='ocrx_word' id='word_1_151' title='bbox 965 3384 1217 3458; x_wconf 86' lang='lat' dir='ltr'>transfundere</span> <span class='ocrx_word' id='word_1_152' title='bbox 1240 3387 1421 3458; x_wconf 89' lang='lat' dir='ltr'>infinitum</span> 
     </span>
     <span class='ocr_line' id='line_1_25' title="bbox 360 3507 1422 3596; baseline -0.001 -19"><span class='ocrx_word' id='word_1_153' title='bbox 360 3507 504 3596; x_wconf 89' lang='lat' dir='ltr'>fuisset,</span> <span class='ocrx_word' id='word_1_154' title='bbox 521 3523 558 3580; x_wconf 91' lang='lat' dir='ltr'>et</span> <span class='ocrx_word' id='word_1_155' title='bbox 576 3509 741 3578; x_wconf 91' lang='lat' dir='ltr'>instituto</span> <span class='ocrx_word' id='word_1_156' title='bbox 760 3522 886 3578; x_wconf 90' lang='lat' dir='ltr'>nostro</span> <span class='ocrx_word' id='word_1_157' title='bbox 905 3507 1172 3578; x_wconf 90' lang='lat' dir='ltr'>alienissimum.</span> <span class='ocrx_word' id='word_1_158' title='bbox 1190 3515 1289 3581; x_wconf 90' lang='lat' dir='ltr'>Inter</span> <span class='ocrx_word' id='word_1_159' title='bbox 1302 3532 1422 3579; x_wconf 89' lang='lat' dir='ltr'>recen-</span> 
     </span>
     <span class='ocr_line' id='line_1_26' title="bbox 361 3631 1423 3728; baseline -0.004 -27"><span class='ocrx_word' id='word_1_160' title='bbox 361 3633 469 3702; x_wconf 89' lang='lat' dir='ltr'>tiores</span> <span class='ocrx_word' id='word_1_161' title='bbox 495 3631 671 3702; x_wconf 88' lang='lat' dir='ltr'>editiones</span> <span class='ocrx_word' id='word_1_162' title='bbox 695 3631 894 3728; x_wconf 89' lang='lat' dir='ltr'>principem</span> <span class='ocrx_word' id='word_1_163' title='bbox 917 3631 1037 3702; x_wconf 92' lang='lat' dir='ltr'>locum</span> <span class='ocrx_word' id='word_1_164' title='bbox 1057 3645 1202 3722; x_wconf 87' lang='lat' dir='ltr'>tenent,</span> <span class='ocrx_word' id='word_1_165' title='bbox 1223 3653 1312 3727; x_wconf 86' lang='lat' dir='ltr'>quas</span> <span class='ocrx_word' id='word_1_166' title='bbox 1333 3633 1423 3698; x_wconf 91' lang='lat' dir='ltr'>Tor-</span> 
     </span>
     <span class='ocr_line' id='line_1_27' title="bbox 363 3751 1423 3854; baseline -0.004 -28"><span class='ocrx_word' id='word_1_167' title='bbox 363 3755 473 3844; x_wconf 89' lang='lat' dir='ltr'>renii,</span> <span class='ocrx_word' id='word_1_168' title='bbox 493 3757 642 3854; x_wconf 88' lang='lat' dir='ltr'>Kappii,</span> <span class='ocrx_word' id='word_1_169' title='bbox 661 3752 857 3826; x_wconf 84' lang='lat' dir='ltr'>Helfrechti</span> <span class='ocrx_word' id='word_1_170' title='bbox 877 3779 970 3824; x_wconf 82' lang='lat' dir='ltr'>curae</span> <span class='ocrx_word' id='word_1_171' title='bbox 991 3753 1177 3828; x_wconf 85' lang='lat' dir='ltr'>debemus.</span> <span class='ocrx_word' id='word_1_172' title='bbox 1202 3757 1255 3823; x_wconf 89' lang='lat' dir='ltr'>De</span> <span class='ocrx_word' id='word_1_173' title='bbox 1274 3751 1423 3849; x_wconf 88' lang='lat' dir='ltr'>quibus,</span> 
     </span>
     <span class='ocr_line' id='line_1_28' title="bbox 362 3877 1425 3976; baseline 0 -28"><span class='ocrx_word' id='word_1_174' title='bbox 362 3879 556 3950; x_wconf 87' lang='lat' dir='ltr'>Torrenius</span> <span class='ocrx_word' id='word_1_175' title='bbox 572 3881 749 3950; x_wconf 88' lang='lat' dir='ltr'>variantes</span> <span class='ocrx_word' id='word_1_176' title='bbox 769 3877 941 3950; x_wconf 89' lang='lat' dir='ltr'>lectiones</span> <span class='ocrx_word' id='word_1_177' title='bbox 959 3879 1084 3950; x_wconf 91' lang='lat' dir='ltr'>sedulo</span> <span class='ocrx_word' id='word_1_178' title='bbox 1099 3879 1258 3976; x_wconf 88' lang='lat' dir='ltr'>collegit,</span> <span class='ocrx_word' id='word_1_179' title='bbox 1276 3901 1317 3948; x_wconf 91' lang='lat' dir='ltr'>ac</span> <span class='ocrx_word' id='word_1_180' title='bbox 1330 3901 1425 3948; x_wconf 79' lang='lat' dir='ltr'>sum-</span> 
     </span>
     <span class='ocr_line' id='line_1_29' title="bbox 365 3999 1423 4100; baseline -0.002 -28"><span class='ocrx_word' id='word_1_181' title='bbox 365 4027 463 4073; x_wconf 88' lang='lat' dir='ltr'>mum</span> <span class='ocrx_word' id='word_1_182' title='bbox 476 4001 634 4100; x_wconf 91' lang='lat' dir='ltr'>prodidit</span> <span class='ocrx_word' id='word_1_183' title='bbox 643 4001 817 4097; x_wconf 90' lang='lat' dir='ltr'>judicium</span> <span class='ocrx_word' id='word_1_184' title='bbox 831 4005 869 4074; x_wconf 87' lang='lat' dir='ltr'>in</span> <span class='ocrx_word' id='word_1_185' title='bbox 881 4017 983 4075; x_wconf 83' lang='lat' dir='ltr'>textu</span> <span class='ocrx_word' id='word_1_186' title='bbox 995 4001 1250 4076; x_wconf 89' lang='lat' dir='ltr'>constituendo</span> <span class='ocrx_word' id='word_1_187' title='bbox 1266 4028 1273 4071; x_wconf 92' lang='lat'>:</span> <span class='ocrx_word' id='word_1_188' title='bbox 1288 3999 1423 4096; x_wconf 91' lang='lat' dir='ltr'>ubique</span> 
     </span>
     <span class='ocr_line' id='line_1_30' title="bbox 364 4124 1424 4223; baseline -0.003 -25"><span class='ocrx_word' id='word_1_189' title='bbox 364 4142 482 4199; x_wconf 84' lang='lat' dir='ltr'>autem</span> <span class='ocrx_word' id='word_1_190' title='bbox 509 4129 663 4223; x_wconf 85' lang='lat' dir='ltr'>integras</span> <span class='ocrx_word' id='word_1_191' title='bbox 690 4125 840 4200; x_wconf 89' lang='lat' dir='ltr'>aliorum</span> <span class='ocrx_word' id='word_1_192' title='bbox 866 4143 969 4201; x_wconf 86' lang='lat' dir='ltr'>notas</span> <span class='ocrx_word' id='word_1_193' title='bbox 1000 4129 1114 4202; x_wconf 84' lang='lat' dir='ltr'>textui</span> <span class='ocrx_word' id='word_1_194' title='bbox 1135 4125 1306 4222; x_wconf 86' lang='lat' dir='ltr'>subjecit,</span> <span class='ocrx_word' id='word_1_195' title='bbox 1327 4124 1424 4198; x_wconf 89' lang='lat' dir='ltr'>unde</span> 
     </span>
    </p>
   </div>
   <div class='ocr_carea' id='block_1_5' title="bbox 0 0 1640 5128">
    <p class='ocr_par' dir='ltr' id='par_1_6' title="bbox 0 0 1640 5128">
     <span class='ocr_line' id='line_1_31' title="bbox 0 0 1640 5128; baseline 0 0"><span class='ocrx_word' id='word_1_196' title='bbox 0 0 1640 5128; x_wconf 95' lang='lat' dir='ltr'> </span> 
     </span>
    </p>
   </div>
  </div>
 </body>
</html>
