3196 5122
273 605 276 614 ,
313 505 420 574 CAP.
447 505 568 590 VIII,
595 503 664 572 DE
691 505 1038 575 CONSTANTIA.
1135 505 1209 582 253

153 655 226 710 toto
245 637 438 707 Hannibalis
457 636 608 704 amicitiae
625 649 816 724 vacantem,
834 637 902 706 sine
922 663 988 731 quo
1004 643 1210 734 propositum

154 744 324 816 consilium
336 743 450 838 peragi
465 767 532 810 non
544 755 690 836 poterat,
703 741 745 810 ad
759 741 844 811 idem
860 767 943 837 opus
955 744 1212 840 aggrediendum

154 853 277 945 majore
293 849 486 944 cupiditate,
502 871 601 942 quam
620 872 678 943 spe
699 849 855 935 certiore,
878 863 1004 919 tentare
1024 875 1122 921 ausus
1140 863 1210 940 est'3

153 960 209 1051 qui
226 958 377 1052 protinus
392 979 575 1026 sermonem
594 955 679 1048 ejus,
702 953 836 1047 adjectis
854 979 927 1049 quae
945 971 978 1024 et
995 957 1101 1052 ipsum
1121 983 1211 1030 com·

154 1062 409 1150 mendatiorem,
427 1076 460 1130 et
473 1061 642 1130 inimicum
659 1061 847 1130 inuisiorem
861 1061 990 1132 lactura
1005 1061 1211 1156 videbantur,

154 1166 331 1237 Hannibali
348 1166 475 1256 retulit3
492 1193 511 1237 a
527 1193 593 1264 quo
608 1165 813 1261 adesse-jussi
831 1183 923 1256 sunt,
938 1183 974 1238 ut
990 1165 1072 1238 alter
1086 1173 1211 1242 crimen

154 1275 329 1369 probaret;
342 1273 423 1344 alter
442 1273 632 1344 defenderet
645 1272 669 1343 ¹:
690 1288 843 1343 caeterum
859 1299 920 1368 pro
938 1273 1093 1344 tribunali
1109 1302 1211 1372 quum

155 1405 209 1449 res
229 1395 413 1475 gereretur,
439 1396 472 1450 et
491 1381 662 1476 quaestioni
687 1378 732 1446 illi
754 1381 901 1448 omnium
922 1379 1010 1450 oculi
1030 1397 1138 1451 essent
1159 1387 1211 1454 in·

155 1489 254 1574 tenti,
267 1485 347 1555 dum
362 1485 450 1556 aliud
467 1487 552 1556 forte
566 1482 742 1554 citerioris²
758 1507 845 1554 curae
860 1487 1029 1580 negotium
1043 1501 1214 1576 tractatur,

154 1591 314 1680 Blassius,
341 1591 438 1660 vultu
459 1589 697 1677 dissimulante,
725 1603 758 1658 et
777 1613 859 1660 voce
881 1591 1057 1679 submissa,
1080 1617 1214 1664 monere

156 1699 296 1767 Dasium
316 1699 433 1791 coepit,
455 1712 494 1764 ut
516 1699 744 1766 Romanunm
760 1703 878 1790 potriis
900 1723 1004 1791 quam
1029 1699 1215 1794 Carthagi-

155 1808 320 1877 mensriun
335 1817 458 1898 partes
465 1801 607 1892 strueret
613 1830 627 1889 ,-
649 1805 817 1871 enimvero
839 1817 919 1872 tunc
941 1802 994 1872 ille
1017 1803 1216 1897 proclamat,

154 1933 193 1976 se
204 1913 240 1975 in
252 1924 433 2003 conspectu
445 1907 541 1977 ducis
556 1908 717 1978 adversus
733 1931 806 1977 eum
824 1910 1022 1977 sollicitari:
1036 1909 1125 2004 quod
1139 1913 1216 2005 quia

157 2027 192 2080 et
216 2013 405 2083 incredibile
431 2014 694 2101 existimabatur,
720 2013 820 2084 etad
845 2015 942 2084 unius
966 2029 1095 2086 tantum
1119 2041 1215 2088 aures

157 2133 403 2213 penetraverat,
418 2135 451 2190 et
461 2119 647 2214 jactabatur
663 2121 705 2190 ab
720 2121 869 2207 inimico,
880 2123 1000 2192 veritas
1016 2121 1081 2190 lide
1093 2125 1214 2208 caruit3

159 2223 217 2292 sed
232 2249 299 2294 non
314 2227 359 2294 ita
373 2225 478 2296 multo
493 2241 568 2321 post
583 2226 696 2297 Blassii
718 2229 803 2296 mira
821 2229 1004 2298 constantia
1020 2229 1157 2298 Dasium
1173 2228 1216 2298 ad

157 2353 193 2398 se
208 2332 322 2418 traxit,
336 2330 559 2428 Marcelloque
575 2333 758 2428 Salapiam,
777 2347 810 2401 et
825 2334 1022 2461 quinpentos
1037 2335 1216 2424 Numidas,

157 2436 215 2528 qui
236 2438 270 2504 in
288 2461 326 2508 ea
342 2438 497 2510 custodiae
517 2463 617 2510 causa
634 2453 745 2525 erant,
767 2438 927 2508 tradidit.
1001 2503 1004 2512 ,

214 2567 247 2612 a.
264 2532 429 2614 Phocion⁴
451 2569 545 2632 vero,
564 2569 666 2639 quum
680 2545 895 2614 Athenienses
910 2569 981 2616 rem
1002 2545 1096 2615 aliter
1116 2561 1215 2642 atque

159 2737 309 2810 reipublice
322 2741 451 2794 acerrimo
463 2740 552 2794 studio
567 2759 582 2793 a
595 2739 665 2792 Blae·
706 2739 870 2805 cubuerunt,
881 2757 929 2792 nec
941 2739 1001 2810 plna
1012 2757 1091 2809 quam
1101 2739 1124 2791 L
1135 2739 1214 2792 ethis

160 2818 199 2869 sio
212 2815 468 2886 dissidebat,verum
479 2823 558 2874 etiam
569 2833 665 2892 praeter
706 2819 735 2870 in
746 2830 901 2889 potestatem
914 2819 1093 2872 Romanorum
1107 2817 1214 2870 vivire·

160 2895 211 2950 boc
221 2916 252 2950 ex
267 2900 354 2952 animo
369 2899 471 2954 favebat
485 2898 636 2953 Hannibali.
706 2910 811 2950 nerunt.
826 2897 888 2948 Plus
906 2898 1041 2966 aliquanto
1052 2893 1141 2948 damni
1157 2895 1213 2950 bec

203 2977 509 3042 1.Defind...Desendere
518 2975 665 3032 crimendi·
707 2973 1213 3047 alaequitumamissallannibali,qrmm

162 3055 664 3130 citur,quipropulsatetaeeamolitur.
707 3054 810 3126 Salapia
830 3055 895 3118 fuit,
912 3071 961 3104 nec
980 3049 1077 3104 deinde
1097 3070 1215 3122 unquam

203 3153 227 3188 a.
244 3136 375 3188 Citerioris.
394 3135 477 3190 Aldus
494 3157 555 3192 cum
575 3137 665 3210 paucis
707 3133 817 3196 Poenua,
838 3151 891 3204 quo
908 3131 986 3204 longe
1007 3131 1152 3204 plurimum
1173 3149 1215 3186 va·

161 3218 280 3276 certioris,
297 3213 369 3267 unde
382 3215 490 3286 Pighius
501 3221 599 3269 citioris.
613 3213 665 3268 Sed
706 3213 804 3278 luerat,
819 3211 940 3284 superior
951 3211 1069 3284 equitatu
1085 3211 1145 3264 tuit,

160 3293 271 3364 plurimi
299 3297 427 3354 citerioris,
451 3291 478 3346 id
499 3307 538 3348 est
558 3295 663 3366 prioris.
748 3299 774 3356 4.
796 3293 911 3344 ΡΙιοείωι.
938 3289 1002 3362 Eius
1025 3291 1105 3344 vitam
1125 3289 1216 3360 leget

161 3369 207 3422 Sic
221 3372 324 3436 v1,3‚
338 3389 388 3437 ιη
402 3371 484 3432 tht,
502 3390 530 3442 7,
540 3385 591 3426 ext.
612 3392 664 3438 ¹03
707 3371 850 3424 Plutarcho
875 3384 902 3424 et
923 3370 1026 3443 Nepote
1046 3368 1213 3440 descriptam.

161 3449 246 3513 VIII,
264 3449 308 3514 1⁵,
326 3469 349 3504 1.
707 3451 797 3516 Quum
806 3450 934 3504 Derculus
946 3447 1053 3522 quidam
1063 3447 1216 3502 admoneret

204 3528 231 3582 3.
243 3527 411 3600 Salapiam...
422 3529 528 3582 tradidit.
540 3529 666 3586 Nonaine
707 3529 893 3596 Athenienses,
910 3543 939 3582 ut
959 3541 1081 3582 caverent
1104 3527 1136 3579 ab
1154 3529 1216 3581 insi·

163 3605 245 3664 multa
257 3607 328 3662 cede
339 3607 406 3662 tradi
416 3609 666 3681 potuit,quialonge
707 3607 758 3661 diis
770 3609 923 3670 Nicanoris,
934 3609 1049 3678 prefecti
1061 3605 1215 3674 Cassandri,

162 3688 299 3742 fortissimi
314 3689 432 3760 equitum
448 3707 479 3742 ex
495 3701 550 3742 toto
566 3689 665 3760 punico
707 3687 779 3758 quod
799 3689 901 3741 occulte
920 3687 1019 3740 bellum
1038 3699 1155 3758 pararet,
1174 3687 1216 3741 Pi·

163 3770 279 3822 exercitu
292 3767 331 3820 illi
344 3769 458 3821 Derant.
473 3767 564 3840 Itaque
577 3787 667 3839 quarn-
708 3785 841 3838 rarumque
857 3780 964 3838 portum
981 3784 1015 3818 ne
1032 3765 1215 3837 interciperet,

163 3866 242 3920 quem
257 3847 401 3920 improvisa
413 3866 454 3900 res
469 3847 519 3900 luit
528 3888 536 3916 ,
545 3865 594 3900 nec
605 3866 666 3900 usus
708 3847 855 3917 periculum
872 3857 937 3898 esset
951 3863 958 3898 :
980 3845 1100 3906 Phocion,
1114 3846 1215 3916 populo

163 3946 291 4000 equorum
303 3928 330 3980 in
344 3929 422 3992 urbe,
435 3940 520 3982 tamen
536 3927 615 3980 armis
629 3927 668 3978 in·
710 3922 848 3990 audiente,
867 3943 959 3996 magna
979 3943 1042 3976 voce
1059 3923 1143 3990 dixit,
1156 3925 1215 3976 nul·

163 4008 353 4060 tertnmultum
365 4007 457 4080 captis,
466 4020 492 4060 et
501 4007 668 4078 eruptionem
709 4005 765 4056 lum
794 4005 891 4056 instare
918 4003 1081 4076 periculum,
1098 4014 1124 4055 et
1148 4003 1216 4057 nibil

164 4099 349 4153 tentaverunt,
361 4101 387 4140 et
402 4105 484 4160 quum
499 4084 610 4140 evadere
625 4104 670 4138 ne·
710 4101 817 4156 prorsus
836 4082 982 4136 timendum
1002 4101 1070 4147 ease,
1090 4095 1116 4134 et
1136 4084 1216 4155 magis

163 4165 482 4238 quirent,pugnentesad
494 4167 669 4221 uldmnmoo·
711 4161 851 4220 Cassandri
859 4163 1001 4218 amicitiam
1009 4162 1115 4236 petendi
1122 4182 1218 4236 ,quem
