3218 5128
379 468 467 514 xviri
622 443 848 510 NOTITIA
882 443 1208 511 LITTERARIA

429 575 494 644 Sed
516 590 626 642 tanuen
647 575 814 668 epitomen
836 587 965 642 tantum
988 572 1111 642 Valerii
1133 599 1301 668 superesse
1326 577 1456 662 nobis,

376 707 445 750 tion
457 680 539 750 adeo
559 694 686 750 certum
704 701 792 766 esse,
811 677 863 747 vel
874 705 914 748 ex
922 678 1028 748 Plinio
1043 681 1185 774 Majore,
1204 681 1259 774 qui
1274 679 1350 775 plus
1364 685 1455 751 sirn-

376 787 454 880 plici
473 788 545 856 vice
559 786 667 855 verbis
680 787 750 880 ejus
765 787 885 874 utitur,
903 784 1011 879 colligi
1027 787 1138 880 possit
1150 788 1224 856 Irno
1239 789 1454 856 contrarium

377 891 517 962 dilucide
536 891 670 962 ePlinio
688 915 848 986 apparere
867 893 912 960 ait
923 893 973 960 Jo.
993 891 1199 981 Harduinus‚
1217 893 1311 986 cujus
1330 907 1453 963 tamen

374 997 498 1090 judicio
521 1023 590 1067 non
610 999 712 1094 ipsius
729 995 871 1086 Valerii,
891 996 948 1066 sed
970 998 1194 1092 epitomatoris
1214 1012 1309 1086 sunt,
1331 1025 1410 1092 quae
1430 1025 1452 1066 a

378 1106 579 1199 Cuspiniano
594 1106 738 1200 primum
757 1097 840 1198 (quo
856 1105 988 1172 nomine
1006 1105 1067 1198 ipsi
1085 1102 1189 1173 Aldus
1208 1097 1418 1199 gratulatur)
1430 1129 1452 1172 e

377 1210 696 1280 Ms.vindoh0nensi
711 1211 950 1298 restituta,et2
966 1211 1043 1278 Mss.
1058 1211 1181 1304 Regiis,
1197 1211 1359 1304 tertioque
1375 1213 1450 1280 Re-

377 1319 480 1386 rnensi
497 1319 528 1386 S.
540 1317 689 1411 Dyonisii
705 1317 950 1386 Canonicorum
965 1315 1182 1410 regularium,
1198 1331 1231 1384 ct
1245 1318 1279 1384 in
1287 1319 1356 1386 Pet
1372 1319 1450 1386 Da·

378 1421 470 1491 nielis
489 1422 612 1494 Codice
634 1420 768 1515 aliisque
790 1421 986 1515 quibusdam
1004 1421 1094 1490 haud
1116 1421 1231 1510 obvia,
1249 1419 1407 1514 leguntur
1427 1449 1448 1490 a

377 1553 466 1596 num.
484 1525 504 1598 5
521 1543 645 1598 extern.
661 1553 689 1596 c.
710 1551 741 1613 1,
757 1526 811 1594 lib.
827 1529 859 1612 1,
876 1527 917 1596 ad
933 1523 1001 1618 cd
1021 1526 1167 1620 ejusdem
1178 1526 1233 1596 lib.
1245 1530 1278 1610 Ι,
1291 1527 1381 1620 quod
1401 1529 1449 1598 de

379 1633 543 1720 ominibus
557 1648 620 1720 est,
635 1631 946 1727 praelationihusque
960 1645 993 1700 et
1005 1633 1189 1727 egressibus
1197 1631 1330 1702 Valerio
1347 1635 1448 1702 usita-

378 1743 420 1808 tis
439 1755 515 1809 sunt
533 1739 699 1808 destituta.
721 1736 934 1808 Glossematis
952 1736 1102 1807 laborare
1121 1739 1182 1808 hos
1197 1737 1297 1808 libros
1314 1741 1448 1808 notavit

377 1849 445 1916 Jac.
465 1845 661 1941 Schegkius,
680 1845 772 1939 epist.
791 1847 814 1930 d
831 1845 999 1912 Praemess.
1016 1846 1094 1914 Non
1112 1869 1182 1914 esse
1203 1869 1304 1939 porro
1322 1860 1446 1915 aucto-

377 1977 448 2022 rem
467 1951 637 2023 Valerium
657 1953 838 2020 Maximum
860 1950 1110 2044 inscriptionum
1133 1951 1291 2045 cujusque
1309 1951 1447 2046 capitis,

379 2058 431 2126 vel
448 2057 528 2127 illud
540 2071 735 2152 argumento
750 2070 845 2126 notat
856 2080 926 2124 esse
938 2059 964 2123 F
965 2059 1238 2143 renovavassor,
1251 2055 1336 2126 libro
1349 2057 1391 2126 de
1398 2059 1446 2126 Vi

380 2178 414 2230 et
427 2188 489 2231 usu
507 2162 686 2231 verborum
700 2161 918 2255 quorumdam
933 2159 1127 2250 latinorum,
1145 2163 1234 2256 quod
1245 2160 1300 2230 lib.
1310 2165 1354 2250 V,
1368 2187 1444 2258 cap.

383 2295 418 2354 2,
430 2269 472 2336 de
487 2267 686 2363 gratitudine
699 2267 898 2352 inscribitur,
908 2281 941 2336 et
955 2291 982 2335 c.
998 2265 1033 2354 3,
1047 2268 1089 2338 de
1103 2267 1350 2362 ingratitudine,
1360 2293 1446 2362 quas

381 2399 479 2443 voces
500 2399 606 2468 neque
627 2397 766 2466 usquam
785 2371 840 2440 illo
862 2397 958 2442 sensu
977 2373 1066 2468 apud
1087 2374 1228 2468 probum
1248 2375 1444 2470 scriptorem

381 2483 524 2574 reperias
538 2475 643 2574 (apud
653 2481 807 2574 Apicium
821 2479 908 2546 enirn
918 2479 1095 2572 gratitudo
1106 2480 1255 2550 ciborrmr
1269 2495 1362 2550 notat
1373 2507 1447 2576 gra·

381 2601 451 2654 tum
471 2601 504 2654 et
516 2585 700 2679 jucundum
715 2583 843 2654 illorum
860 2578 1049 2678 saporem),
1064 2610 1124 2654 nec
1139 2588 1208 2680 ipse
1217 2584 1368 2656 Valerius
1380 2585 1445 2654 illis

382 2692 542 2785 capitibus
561 2693 747 2786 usurpavit,
766 2716 869 2785 quum
888 2694 1017 2760 occasio
1038 2693 1238 2786 usurpandi,
1255 2693 1322 2760 imo
1338 2718 1444 2786 prope

381 2800 555 2866 necessitas
578 2822 645 2864 non
668 2797 801 2866 deesset
824 2795 917 2866 Idem
936 2811 1047 2865 tamen
1062 2800 1228 2868 Vavassor
1249 2813 1388 2867 testatur
1407 2823 1443 2866 se

381 2903 534 2972 habuisse
549 2904 706 2996 scripturn
721 2927 821 2970 manu
830 2901 1015 2990 Valerium,
1029 2905 1062 2971 in
1077 2928 1143 2996 quo
1159 2929 1226 2972 non
1236 2905 1303 2996 jam
1318 2903 1358 2972 de
1372 2929 1445 2997 gra·

382 3009 521 3078 titudine
538 3023 572 3076 et
592 3008 845 3102 ingratitudine,
866 3007 921 3077 sed
941 3008 981 3076 de
1002 3009 1104 3102 gratis
1125 3023 1158 3078 ct
1178 3011 1314 3105 ingratis
1334 3011 1443 3103 capita

380 3116 538 3207 inscripta
559 3128 674 3182 essent.
694 3115 869 3206 Epitomen
891 3112 1050 3182 librorum
1070 3139 1189 3184 novem
1201 3114 1324 3184 Valerii
1345 3140 1441 3184 corn-

383 3221 492 3314 posuit
510 3221 607 3286 etiam
627 3223 681 3288 Jo.
701 3223 875 3287 Honortus
896 3219 1079 3306 Boheinus,
1100 3223 1155 3314 qui
1175 3222 1294 3316 Lipsiae
1310 3246 1373 3290 sec.
1394 3247 1442 3290 xv

384 3327 448 3394 fine
464 3325 599 3410 claruit,
618 3349 689 3418 quae
708 3327 796 3419 Ilips.
821 3321 972 3412 1503,d
993 3325 1121 3418 prodiit.
1137 3327 1221 3395 Vide
1239 3330 1288 3395 Jo.
1309 3325 1441 3394 Haller-

334 3427 340 3436 ’
382 3433 470 3500 vodii
486 3430 686 3525 spicilegium
704 3429 744 3498 de
758 3431 841 3497 Hist.
856 3428 909 3497 lat.
926 3454 1000 3526 pag.
1024 3455 1104 3500 iro.

431 3652 487 3716 Dc
512 3653 693 3718 nominum
720 3641 967 3746 Romanorum
988 3651 1125 3716 ratione
1131 3649 1389 3742 fragmentum.

436 3856 477 3921 In
496 3853 608 3943 paucis
626 3851 819 3944 quibusdam
834 3851 912 3918 Mss.
933 3850 1065 3944 Pighius
1084 3866 1221 3920 testatur
1233 3877 1294 3947 pro
1309 3853 1439 3923 derum

386 3959 470 4029 libro
485 3981 657 4026 occurrere
676 3957 894 4051 fragmentum
909 3957 1066 4049 epitomes
1081 3958 1304 4027 decommum
1319 3963 1440 4029 Roma·

385 4090 502 4139 norum
520 4067 667 4146 ratione,
681 4086 776 4154 quam
795 4087 833 4130 ex
843 4065 873 4130 V
877 4059 976 4128 alerio
991 4053 1095 4150 (sorte
1114 4090 1179 4133 non
1196 4069 1364 4152 Maximo,
1381 4065 1437 4134 sed
