3168 5124
383 523 458 614 ,ipo
566 517 792 584 VALERII
821 511 1028 582 ΜΑΧΙΜΙ
1057 513 1154 580 LlB.
1183 513 1249 580 VI.

382 663 475 719 catus
485 663 628 744 quaestor
639 661 727 718 sorte
739 645 935 716 obvenisset.
946 643 1102 738 Ejusdem
1114 645 1219 713 virtus
1230 644 1320 738 quasi
1333 667 1449 738 perru-

384 759 445 851 ptis
457 769 490 826 et
504 753 647 848 disjectis
665 755 835 849 nequitiae,
852 775 916 847 qua
935 749 1163 839 obsidebatur,
1176 747 1341 836 claustris,
1354 763 1448 820 cate-
1561 819 1562 848 ,

384 861 459 932 nas'
478 857 650 956 iugurthae
668 857 819 929 manibus
838 859 963 952 injecit,
977 857 1204 927 Mithridatem
1226 859 1450 952 compescuit,
1561 945 1562 954 ἵ

383 967 509 1038 socialis
524 966 600 1036 belli
613 967 732 1036 fluctus
745 967 916 1062 repressit,
930 967 1045 1035 Cinnae
1060 963 1317 1033 dominationem
1330 963 1450 1058 fregit,
1561 965 1562 984 ¹

382 1085 523 1168 eumque
534 1071 557 1162 ³,
574 1076 631 1168 qui
654 1095 688 1142 se
713 1074 747 1142 in
772 1071 884 1141 Africa
908 1083 1104 1166 questorem
1131 1069 1329 1157 fastidierat,
1355 1067 1446 1138 illam
1561 1079 1562 1096 ¹

383 1183 487 1276 ipsam
506 1181 712 1276 provinciam
731 1179 953 1275 proscriptum
975 1193 1009 1247 et
1028 1176 1172 1247 exsulem
1193 1189 1308 1272 petere
1328 1178 1446 1270 coegit.

382 1285 466 1376 Quat
481 1299 549 1356 tam
563 1285 714 1382 diversa,
728 1300 861 1380 tamque
877 1287 963 1354 inter
977 1309 1011 1354 se
1030 1285 1208 1368 contraria,
1223 1283 1250 1352 si
1265 1283 1338 1378 quis
1358 1280 1447 1377 apud

383 1395 529 1462 animum
554 1418 651 1462 suum
673 1394 847 1462 attentiore
872 1393 1119 1486 comparatione
1144 1389 1330 1485 expendere
1352 1387 1447 1470 velit,

382 1499 466 1570 duos
491 1501 526 1568 in
553 1518 621 1568 uno
654 1499 789 1568 homine
818 1496 923 1568 Sullas
952 1497 1050 1568 fuisse
1079 1495 1285 1566 crediderit:
1312 1509 1445 1590 turpem

382 1590 692 1694 adolescentulum³,
710 1619 744 1674 et
763 1607 887 1692 virum,
909 1603 1053 1673 dicerem
1072 1601 1206 1688 fortem,
1224 1603 1286 1670 nisi
1308 1602 1445 1696 ipsefie·

381 1715 477 1781 licem
496 1728 530 1781 se
549 1710 707 1806 appellati
723 1707 898 1781 maluisset.
1259 1731 1262 1738 ·

438 1861 470 1930 7.
491 1834 600 1930 Atque
612 1849 650 1905 ut
662 1819 886 1905 nobilitateml
900 1832 1060 1903 beneficio
1076 1833 1274 1930 poenitentiae
1289 1857 1325 1900 se
1340 1833 1445 1927 ipsam

385 1941 616 2011 admonuimus
631 1943 810 2037 respicere,
823 1941 870 2009 ita
882 1934 998 2009 altiora
1010 1937 1110 2009 modo
1126 1965 1186 2009 suo
1200 1963 1334 2034 sperare
1349 1963 1445 2007 ausos
1561 2009 1562 2012 ,

385 2047 604 2117 subtexamus.
641 2049 689 2116 Ti.
722 2042 872 2118 Aufidius
899 2071 1000 2142 quum
1034 2045 1168 2114 Asiatici
1196 2029 1340 2144 publici⁵
1376 2046 1444 2112 eri·
1561 2073 1562 2132 g

385 2177 482 2248 guam
497 2153 678 2222 admodum
690 2152 885 2248 particulam
899 2151 1085 2239 habuisset,
1094 2165 1208 2247 postea
1219 2165 1323 2220 totam
1335 2151 1443 2220 Asiam

430 2371 455 2406 1.
470 2353 583 2406 Catenae.
597 2355 648 2406 Per
660 2353 808 2419 Bocchum,
817 2355 894 2406 Idan·
939 2353 1045 2407 tandem
1060 2352 1204 2425 pediculari
1225 2353 1320 2405 morbo
1334 2352 1442 2405 interiit.

387 2432 488 2486 mente
503 2449 608 2503 regern,
620 2433 750 2504 Iugurtha
764 2432 894 2504 proditus.
985 2439 1010 2496 d.
1032 2433 1187 2486 NobiIitrtem
1207 2432 1232 2485 l.
1248 2451 1274 2503 p.
1290 2453 1312 2486 a.
1328 2436 1346 2484 i.
1360 2431 1443 2483 adm·

389 2510 453 2564 vid.
467 2511 570 2564 Sallust.
583 2512 647 2565 Bell.
662 2513 725 2582 Jug.
740 2543 781 2556 —
796 2513 895 2566 Mtrtut·
939 2518 1029 2566 tertiam
1037 2517 1157 2584 respicere.
1166 2512 1318 2566 Gronovius
1327 2511 1442 2583 conjicit,

387 2591 474 2643 elatem.
491 2591 577 2654 Quem
594 2609 624 2642 ex
637 2591 698 2642 Aria
716 2593 821 2643 minore
835 2592 895 2662 pul·
938 2593 1059 2645 nobilitati
1072 2593 1095 2644 d.
1115 2613 1142 2664 p.
1155 2613 1175 2646 s.
1192 2595 1212 2645 i.
1230 2592 1354 2644 mre
1364 2595 1440 2660 mpi-

388 2689 458 2732 surn,
468 2667 501 2722 ad
510 2669 652 2740 Tigranem
664 2671 794 2722 Armeniis
807 2689 896 2741 regem
938 2693 1004 2732 aare,
1018 2673 1119 2734 altiora,
1139 2685 1170 2724 ut
1182 2671 1298 2724 transitio
1311 2672 1344 2722 sit
1361 2670 1435 2730 talia,

388 2750 478 2820 fugere
491 2751 585 2820 coegit.
594 2780 635 2792 —-
645 2747 718 2803 Belli.
731 2749 820 2815 Quom
832 2751 896 2803 socii
938 2752 1022 2823 qualis
1031 2753 1113 2816 infre,
1122 2751 1205 2817 VIII,
1218 2757 1246 2813 πή
1255 2791 1261 2814 ,
1270 2751 1285 2802 5
1291 2769 1299 2814 ;
1309 2745 1376 2820 quod
1385 2765 1432 2798 re·

388 2829 463 2880 latini
484 2839 594 2900 propter
609 2839 727 2900 negatam
749 2829 895 2895 civitatem,
938 2849 998 2884 rum
1014 2831 1138 2903 opinatur
1153 2831 1304 2898 Torremns,
1315 2839 1353 2892 at,
1367 2845 1432 2898 pro-

387 2927 402 2960 a
418 2907 505 2960 Druso
520 2909 688 2978 promissam,
705 2909 828 2962 adversus
842 2911 895 2962 Ro·
938 2923 998 2983 pter
1012 2927 1132 2984 magnam
1146 2911 1274 2964 librorum
1289 2907 1438 2980 discrepen-

387 3001 480 3040 manoe
499 3001 571 3041 arma
585 2989 764 3061 sumpsissent.
779 3022 819 3032 -
834 2987 895 3042 Flu·
938 2991 1016 3054 dam,
1033 2991 1062 3044 in
1077 3003 1179 3044 textum
1191 3009 1247 3043 non
1258 3009 1332 3042 ansus
1346 3000 1385 3040 eet
1399 3005 1442 3040 re·

389 3077 440 3118 etas
462 3071 578 3137 tepuerit.
600 3068 640 3120 tu
656 3069 725 3121 bene
744 3070 895 3122 restitutum
937 3071 1035 3142 cipere.
1045 3071 1137 3142 Neque
1150 3083 1238 3123 tamen
1249 3065 1395 3142 spernenda
1406 3079 1443 3120 eet

325 3167 327 3175 ⁴
389 3145 523 3216 ePlghio,
537 3165 619 3218 quum
631 3161 706 3201 antea
719 3149 848 3219 legeretur
858 3150 895 3202 Iu·
938 3150 1042 3222 vulgata
1057 3151 1145 3203 lectio.
1162 3149 1283 3222 Opponit
1296 3145 1385 3201 valer.
1400 3167 1445 3200 no·

387 3235 439 3278 ctru
450 3229 564 3296 repressit.
576 3227 709 3298 mens
718 3230 779 3281 satis
787 3265 795 3292 ,
803 3241 833 3280 ut
844 3229 895 3282 hu·
938 3229 1004 3281 biles
1017 3231 1088 3282 viros
1097 3269 1104 3294 ‚
1112 3230 1159 3301 qui
1167 3229 1248 3282 vitam
1258 3227 1446 3289 emendarunt,

386 3303 689 3378 jusmodimotusbellici
697 3307 897 3360 fluctibuscom·
937 3309 986 3374 iis,
1001 3309 1048 3380 qui
1070 3309 1157 3360 altiora
1176 3309 1246 3360 modo
1264 3329 1320 3369 sno,
1342 3305 1374 3360 id
1394 3319 1445 3368 est,

388 3395 525 3456 pemntur.
535 3385 592 3439 Cic.
602 3383 635 3438 de
644 3385 719 3439 Oret.
731 3387 760 3451 1,
771 3405 796 3451 ις
806 3387 895 3460 Nepos
938 3391 1049 3460 majora,
1062 3403 1142 3460 quam
1151 3387 1261 3442 humilis
1270 3407 1367 3440 eorum
1381 3386 1447 3439 nati·

388 3465 444 3516 A'tt.
462 3467 489 3517 6.
937 3467 1003 3521 vitas
1014 3469 1070 3540 pati
1081 3467 1234 3533 videbatur,
1245 3467 1301 3520 anei
1314 3480 1380 3520 sunt
1392 3483 1448 3538 spe·

431 3561 457 3595 a.
471 3545 544 3596 Eum.
555 3543 669 3597 Marium
680 3545 896 3617 intelligit,cujus
937 3563 997 3599 rare
1005 3565 1011 3599 :
1020 3545 1054 3600 de
1063 3547 1197 3600 nobilibus
1204 3550 1257 3618 jam
1265 3557 1450 3617 egerat,nunc

388 3620 460 3675 Sulla
469 3637 582 3694 quattor
593 3625 690 3688 fuerat,
701 3643 783 3696 quum
795 3625 894 3678 bellum
939 3626 972 3679 ad
982 3627 1091 3679 horodis
1104 3637 1185 3679 statue
1199 3627 1320 3678 homines
1335 3643 1450 3698 progre-

389 3701 512 3754 advereus
523 3703 680 3773 Iugurtham
692 3717 835 3775 gereretur.
938 3703 1067 3760 ditur.-
1083 3707 1249 3759 Srrdteeamus.
1266 3706 1370 3758 Anu,
1385 3709 1451 3759 680.

431 3783 457 3834 ³.
478 3781 694 3834 Adolescentulum.
714 3783 755 3836 Sic
766 3785 814 3837 lib.
826 3787 894 3838 Dan.
937 3787 1031 3840 Cicero
1047 3801 1096 3856 pro
1112 3787 1220 3852 Flacco,
1231 3803 1286 3856 cap.
1302 3803 1358 3853 195
1380 3797 1408 3837 et
1426 3785 1450 3835 in

389 3871 579 3914 etomnesente
586 3861 894 3933 Pigh.edd.l’igh.vero,
937 3865 1036 3931 Bruto,
1048 3883 1105 3938 cap.
1122 3869 1168 3929 dd.

388 3939 892 3997 cotermvorn.adolescentemedidere.
979 3945 1004 3996 5.
1021 3945 1124 3997 Poetae.
1140 3943 1265 3996 Publicium
1278 3961 1323 3996 seu
1336 3943 1450 4015 populi-

389 4047 427 4059 -
438 4021 549 4073 Felicem.
558 4020 708 4074 Hortamen
716 4023 834 4075 felicitati
842 4040 893 4075 suae
937 4038 997 4076 cum
1007 4023 1073 4076 nibil
1084 4023 1156 4076 aliud
1167 4023 1286 4077 hocloco
1300 4034 1355 4088 est,
1372 4041 1450 4094 quem

389 4095 476 4148 deesse
488 4099 620 4152 confessus
633 4113 683 4164 est,
699 4101 770 4172 qnod
786 4101 893 4173 Capito·
937 4101 968 4156 P.
985 4105 1016 4155 ll.
1031 4103 1141 4176 vectigal
1156 4123 1186 4157 ex
1201 4104 1270 4158 Asia.
1284 4103 1387 4156 Fuerat
1403 4101 1450 4172 igi-

386 4175 453 4226 lium
463 4195 515 4228 non
525 4177 788 4234 dedicavissetTeste
797 4181 892 4246 Plinio,
939 4195 981 4234 tur
994 4183 1158 4254 publicanus.
