3190 5122
398 511 473 586 360
593 512 818 582 vannnn
846 477 1061 580 saxum
1090 515 1184 580 ms.
1214 515 1255 580 v.

395 647 634 716 incrementum
655 643 854 714 laetissimum
866 643 887 728 ¹,
906 659 939 714 et
960 643 1061 716 tutela
1075 646 1254 714 certissima
1270 645 1390 712 Furius
1405 649 1471 714 Ca·

396 751 521 836 millus,
535 753 568 820 in
584 751 666 820 urbe
679 750 935 821 incolumitatem
952 776 1043 820 suam
1055 753 1144 820 tueri
1160 777 1226 820 non
1241 750 1360 836 valuit,
1373 753 1470 844 cujus

395 861 465 954 ipse
492 858 630 928 salutem
659 857 857 945 stabilierat,
887 858 1073 928 felicitatem
1098 874 1252 944 auxerat,
1280 861 1356 926 aL.
1378 861 1466 928 enirn

395 965 552 1059 Apuleio,
575 965 708 1033 tribuno
741 964 862 1058 plebis,
888 979 1056 1059 tamquam
1086 965 1258 1060 peculator
1285 969 1467 1034 veientanae

396 1071 516 1166 praedae
541 1097 616 1142 reus
638 1069 773 1154 lactns²,
795 1071 902 1156 duris,
924 1087 1040 1166 atque,
1065 1087 1103 1144 ut
1128 1075 1171 1141 ita
1196 1072 1321 1156 dicam,
1351 1073 1467 1142 ferreis

396 1180 566 1248 sententiis
585 1180 618 1248 in
637 1171 785 1248 exsilium
809 1180 926 1247 missus
948 1193 1015 1264 est,
1034 1193 1066 1248 et
1088 1179 1221 1272 quidem
1241 1205 1281 1248 eo
1300 1195 1466 1272 tempore,

397 1309 463 1378 quo
480 1287 607 1380 optimo
623 1307 746 1376 juvene
767 1283 833 1352 lilio
853 1283 1027 1380 spoliatus,
1059 1283 1182 1354 solatiis
1202 1287 1306 1379 magis
1327 1285 1466 1355 allerau
1580 1289 1581 1354 l

397 1390 476 1474 dus,
501 1416 600 1510 quam
614 1389 762 1458 cladibus
781 1391 968 1460 onerandus
986 1405 1072 1478 erat3
1092 1392 1176 1460 sed
1168 1418 1343 1460 immemor
1363 1395 1466 1487 patria
1580 1455 1581 1460 ,

398 1499 480 1566 tanti
505 1499 563 1566 viri
586 1499 804 1564 maximorum
827 1501 1035 1581 mentorum,
1068 1501 1227 1616 exsequiis
1250 1498 1305 1566 filii
1329 1499 1465 1568 damna·

397 1605 520 1672 sionem
542 1605 644 1697 patris
659 1603 790 1694 junxit:
814 1617 847 1670 at
854 1589 1019 1697 ,inquit³,
1045 1607 1160 1673 aerario
1179 1605 1291 1672 obesse
1314 1607 1467 1675 tribunus

396 1707 503 1816 plebis
530 1709 730 1846 querebatpr
756 1709 942 1802 quindecim
966 1708 1065 1778 millia
1091 1713 1192 1780 aeris:
1219 1713 1301 1778 tanti
1324 1737 1465 1806 namque

397 1841 496 1910 poena
520 1815 610 1903 linita
628 1803 713 1882 estl:
737 1815 904 1908 indignam
930 1841 1092 1884 summam
1101 1832 1271 1912 ,propter
1290 1843 1463 1913 quampo

397 1921 517 2022 pulus
515 1947 672 1991 romanus
692 1919 748 1990 tali
772 1923 920 2016 principe
944 1919 1085 1991 careret!
1109 1925 1223 1992 Priore
1250 1924 1362 1993 adhuc
1384 1951 1464 2019 que-

397 2028 468 2097 rela
484 2015 652 2096 vibra⁵mte
656 2027 746 2112 ‚alia
759 2027 914 2122 deinceps
929 2031 1083 2122 exsurgit.
1103 2016 1301 2098 Africanus⁶
1300 2034 1465 2151 superior

399 2159 468 2204 non
498 2135 605 2206 solum
636 2150 806 2204 contusam
833 2150 866 2206 et
891 2135 1094 2208 confractam
1120 2135 1198 2205 belli
1226 2139 1341 2232 punici
1368 2141 1466 2208 armis
1580 2167 1581 2190 ³

402 2384 506 2420 vocasse
528 2365 657 2431 credunt,
681 2365 755 2438 qnod
782 2367 911 2434 Romani,
955 2365 988 2420 ad
1012 2366 1133 2429 Livium,
1155 2365 1294 2431 XXXIV,
1313 2366 1346 2422 3,
1367 2363 1466 2418 deboc

401 2465 468 2516 quos
484 2447 519 2497 ob
543 2465 631 2497 necem
654 2447 759 2498 Romuli
782 2447 911 2517 poenitere
954 2465 1005 2500 usu
1018 2447 1093 2500 verbi
1109 2450 1187 2520 inquit
1201 2446 1237 2498 ita
1251 2445 1343 2499 scribit
1359 2464 1367 2498 :
1387 2471 1399 2494 ι
1410 2445 1466 2498 Ob·

402 2524 526 2584 decebat,
541 2525 567 2576 iu
584 2525 663 2576 alium
678 2543 807 2585 errorem,
820 2525 848 2577 id
859 2539 909 2592 est,
954 2528 1132 2580 servavimus.
1146 2527 1320 2597 scriptoribus
1333 2526 1466 2596 antiquis,

401 2605 565 2656 vexationem
582 2604 701 2668 Camilli,
718 2603 869 2658 inciderint.
955 2619 1015 2660 aute
1030 2608 1094 2660 alios
1107 2607 1226 2672 Senecae,
1240 2619 1391 2678 perpetuam
1406 2606 1462 2657 for-

445 2703 468 2738 1.
497 2686 667 2736 lucrementum
694 2686 848 2739 uetustam.
873 2687 910 2739 Ut
954 2687 1052 2740 mulam
1073 2685 1255 2758 proponendas
1274 2683 1461 2738 adversationis

401 2765 464 2816 loetoe
475 2779 586 2835 segetes,
598 2763 826 2835 apudVirgilium.
841 2767 910 2820 Male
954 2785 1024 2830 esse,
1039 2771 1129 2838 inquit,
1148 2767 1185 2818 sic
1201 2767 1324 2830 ahsolute;
1339 2777 1367 2816 ut
1380 2763 1460 2828 intelg

400 2843 522 2916 quaedam
547 2843 621 2898 editt.
643 2845 741 2898 babent
762 2847 909 2902 lucusianum.
953 2846 1034 2917 ligere
1056 2847 1217 2912 videantur,
1242 2845 1328 2917 aliquis
1352 2862 1383 2896 ex
1405 2843 1461 2896 isto

402 2926 473 2988 Vires
488 2944 592 2978 romanu
605 2925 671 2976 nihil
682 2925 823 2990 aliud,nisi
836 2946 910 2979 eser·
954 2945 1081 2991 numero,
1097 2927 1191 2997 aliquis
1212 2939 1302 2978 contra
1313 2923 1458 2976 dicturus.-

400 3004 468 3058 citus
478 3017 503 3056 et
513 3006 596 3076 copisa
608 3007 797 3059 Rornanorum.
811 3007 910 3060 Camil·
954 3006 1037 3070 Mults
1060 3005 1157 3058 deiude
1175 3006 1295 3074 exempla
1313 3004 1416 3074 subjicit
1431 3023 1463 3056 ex

402 3084 443 3143 lus
452 3085 523 3136 euim
537 3086 682 3156 Capenates
695 3098 720 3136 et
733 3086 845 3138 Faliscos
860 3087 909 3138 im·
953 3085 1058 3138 Seneca.
1070 3087 1154 3138 Aliter
1168 3085 1327 3149 Turranius,
1343 3085 1390 3156 qui
1402 3085 1464 3138 sub·

400 3165 477 3234 perio
495 3183 605 3216 romano
619 3164 728 3234 adjecit,
742 3179 766 3217 et
782 3167 909 3226 Veiorum
953 3163 1062 3236 intelligi
1078 3165 1135 3218 vult
1153 3183 1159 3217 :
1173 3166 1276 3236 populata
1294 3184 1415 3217 romaum.

399 3244 619 3296 urbemXannos
632 3245 760 3296 obsessam
771 3247 849 3316 cepit.
859 3247 907 3298 Au.
995 3251 1019 3306 4.
1042 3245 1128 3296 Finita
1148 3257 1190 3296 est.
1213 3243 1245 3298 ld
1262 3258 1315 3311 est,
1339 3243 1462 3310 delinita,

401 3323 436 3376 U.
453 3324 517 3378 362.
535 3322 600 3376 Vid.
616 3324 674 3376 Lis.
693 3325 728 3387 V,
747 3327 791 3376 la.
953 3324 1085 3377 animata.
1102 3325 1144 3378 Cf.
1159 3326 1263 3396 Nepos,
1276 3327 1304 3390 l,
1319 3344 1350 3394 7,
1369 3329 1395 3378 6.

443 3423 468 3455 a.
485 3404 761 3474 Tamquam.....suctas.
774 3404 907 3457 Plutarch.
994 3407 1020 3457 5.
1043 3407 1128 3456 Priore
1130 3444 1204 3458 ........
1219 3405 1340 3458 vibrante.
1354 3403 1461 3456 Portici-

400 3481 476 3537 illum
497 3482 561 3536 dicit
582 3496 730 3548 accusatum
749 3483 827 3534 luisse
851 3503 909 3554 spo·
951 3485 1028 3554 pium
1049 3485 1162 3538 activum
1185 3485 1287 3554 passive
1308 3497 1460 3555 ustrrpatuur

399 3560 498 3614 liorum
525 3569 698 3634 tyrannorum
726 3563 908 3634 expilationis,
951 3583 1000 3635 per
1009 3565 1194 3636 enallegen3ut
1203 3567 1325 3618 colventiu
1336 3565 1456 3634 plaustra,

400 3640 472 3712 quod
494 3643 561 3694 lama
578 3656 657 3706 esset,
673 3655 762 3714 portas
780 3641 907 3714 quasdam
951 3645 1038 3696 velens
1060 3665 1126 3716 equo.
1149 3645 1299 3698 'I'rauslatio
1321 3657 1422 3716 sumpta
1443 3661 1457 3696 a

400 3739 484 3774 aeneas
497 3740 529 3776 ex
542 3724 659 3786 Etruscis
673 3723 764 3794 spoliis
777 3741 818 3794 ap.
832 3723 908 3775 illurn
952 3724 1018 3788 telo,
1031 3723 1118 3796 quod,
1134 3743 1216 3795 qunm
1238 3726 1347 3778 missurn
1367 3723 1458 3788 luerit,

400 3819 455 3854 esse
470 3802 595 3855 inventas.
615 3835 654 3846 -
670 3804 771 3856 Ferreus.
792 3801 908 3874 Rigidis,
951 3804 1084 3866 vibratura
1100 3817 1126 3857 et
1140 3817 1279 3876 aistequam
1294 3805 1400 3856 vibrare
1414 3801 1458 3868 deq

400 3881 617 3938 immutabilibus.
634 3884 678 3936 Sic
693 3886 775 3951 sarna
786 3885 845 3950 satu
865 3882 907 3936 di·
952 3884 1041 3949 sierit,
1060 3883 1131 3936 uliud
1158 3885 1240 3937 telum
1271 3885 1396 3936 mittitur.
1415 3883 1458 3937 un

401 3973 506 4016 cuntur.
951 3963 987 4016 ita
997 3964 1166 4036 metaphora,
1178 3965 1344 4036 pr02priore
1355 3962 1457 4034 querele

442 4041 464 4092 3.
482 4043 573 4113 Inquit.
590 4043 650 4094 Nou
665 4061 732 4114 opus
742 4057 794 4109 est,
806 4057 837 4097 ut
846 4063 908 4098 cum
952 4045 1055 4096 mudum
1069 4045 1164 4096 sublata
1177 4049 1285 4098 muscae.

399 4117 490 4187 Lipsio
512 4121 701 4175 substituamus
722 4142 730 4176 a
750 4127 835 4195 aequb.
852 4127 908 4177 Au·
993 4128 1019 4178 6.
1040 4126 1189 4190 Africanae,
1205 4138 1255 4178 etc.
1272 4125 1323 4176 An.
1338 4124 1374 4176 U.
1384 4122 1458 4175 1551.

399 4195 502 4251 diamus
520 4201 703 4268 Gronovium,
718 4203 765 4273 qui
789 4205 817 4256 iu
836 4205 908 4260 notis
951 4203 1042 4259 Senes.
1053 4223 1094 4276 ep.
1109 4205 1155 4258 86.
1170 4235 1211 4250 --
1225 4205 1366 4260 aarum.
1381 4199 1457 4256 Codi-
