3218 5128
387 479 451 521 xvi·
555 415 560 424 ’
623 413 1212 524 norrrirnirrsnnarn

633 649 1202 708 n.vaLEu1vsntxlnvs

796 755 1041 812 sncnnnos

737 861 885 916 n.s.i
919 861 1107 917 n.srvu

687 1033 689 1038 ¹
748 967 1091 1022 asrnococins

651 1073 1189 1129 s1n1nrsnvnnrannrn

844 1179 997 1238 vxon1

778 1283 1063 1340 annus

442 1457 481 1522 In
505 1452 629 1522 Codice
650 1452 801 1520 Leidensi
821 1467 931 1520 tamen
950 1452 1120 1521 Valerium
1140 1452 1321 1522 Maximum
1340 1459 1459 1523 Marci

389 1561 590 1654 praenomine
612 1559 760 1654 insigniri
778 1557 884 1627 video.
905 1563 1058 1628 Maximi
1075 1584 1259 1654 cognomen
1279 1585 1456 1629 commune

390 1665 478 1762 apud
493 1669 662 1734 Romanos
671 1663 811 1734 Valeriae
827 1668 916 1760 genti
930 1679 963 1733 et
975 1665 1083 1733 Fabiae
1096 1680 1130 1733 et
1143 1665 1292 1736 Calvisiae
1307 1665 1453 1760 aliisque.

389 1773 476 1842 Vide
491 1773 610 1842 Ezech.
629 1771 864 1866 spanhemium
884 1771 925 1840 de
941 1797 1003 1840 usu
1021 1773 1210 1840 numismat.
1229 1787 1308 1842 tom.
1324 1775 1358 1842 II
1377 1772 1454 1842 edit.

390 1904 500 1966 novae,
514 1903 588 1974 pag.
603 1877 669 1964 46,
684 1874 746 1964 65,
763 1902 828 1973 72,
841 1892 904 1948 etc.
918 1881 1075 1972 Ineptum
1089 1877 1267 1946 verborum
1283 1893 1317 1947 et
1330 1894 1455 1949 senten-

390 1988 509 2054 tiarum
522 1985 750 2054 affectatorem
767 1984 850 2052 dixit
858 1983 1028 2054 Valerium
1037 1984 1170 2080 Joseph.
1188 1983 1350 2080 Scaliger,
1365 1985 1455 2080 quod

391 2091 461 2184 ejus
472 2091 632 2184 judicium
647 2091 767 2184 probat
780 2094 851 2158 Jan.
864 2093 1075 2185 Rutgersius,
1087 2117 1202 2186 quem,
1217 2091 1243 2159 si
1256 2090 1378 2186 placet,
1387 2091 1453 2159 vid.

392 2200 455 2282 VI,
477 2195 520 2264 16
535 2199 614 2262 Vnr.
633 2199 723 2264 Lect.
739 2219 812 2290 pag.
830 2193 902 2291 597
923 2221 969 2291 sq.
984 2201 1024 2265 In
1042 2197 1179 2265 historia
1195 2197 1393 2292 quandoque
1408 2196 1453 2266 la-

392 2326 488 2396 psum
505 2301 694 2370 observavit
703 2303 776 2370 Car.
796 2303 963 2396 Sigonius,
977 2303 997 2371 l.
1012 2307 1044 2390 I,
1059 2302 1326 2372 emendationum
1341 2318 1456 2374 contm

392 2405 641 2500 Robortellum,
660 2431 734 2504 pag.
755 2405 817 2477 65.
843 2410 1011 2498 Quoniam
1031 2411 1181 2480 omnium
1201 2409 1353 2478 manibus
1367 2424 1456 2480 tere-

393 2513 491 2582 batur
504 2513 558 2584 hic
571 2515 726 2608 scriptor,
741 2513 814 2582 ideo
828 2515 1104 2612 prodigiosissime
1119 2531 1313 2610 corruptum
1329 2531 1362 2584 et
1377 2515 1457 2610 glos

394 2621 525 2690 somatis
543 2619 777 2716 interpolatum
795 2622 836 2688 ad
856 2647 915 2692 nos
933 2623 1121 2724 pervenisse
1138 2635 1233 2690 notat
1252 2625 1367 2692 Frano.
1382 2623 1457 2690 Mo·

395 2727 485 2813 dius,
507 2729 612 2822 Epist.
633 2723 680 2812 54
698 2741 732 2795 et
749 2725 817 2824 96,
840 2731 1008 2824 novantiq.
1037 2731 1128 2798 Lect.
1152 2757 1169 2792 α
1191 2729 1333 2818 Passim,
1351 2729 1458 2824 inquit

392 2835 444 2900 vir
458 2831 591 2914 doctus,
607 2832 786 2902 in'Valerio
804 2835 1051 2904 observavimus
1066 2835 1298 2930 pronominum
1315 2833 1457 2930 ellipsin,

395 2940 518 3008 Graecis
540 2963 671 3040 quoque
691 2941 864 3008 usitatam:
882 2955 916 3010 at
934 2943 1076 3038 imperiti
1094 2942 1244 3010 homines
1264 2941 1305 3010 de
1324 2966 1383 3010 suo
1404 2939 1458 3010 illa

394 3047 597 3120 intruserunt
614 3043 783 3115 fulciendis
800 3049 984 3134 sententiis,
1000 3046 1090 3142 quod
1105 3046 1205 3117 semel
1223 3047 1345 3144 dictum
1364 3045 1457 3115 voln-

395 3174 468 3218 mus
480 3149 520 3217 de
534 3151 599 3220 hoc
611 3153 806 3246 scriptore.»
817 3153 1227 3242 fulbertusCarnotensis,
1241 3155 1333 3248 epist.
1347 3153 1457 3222 XCLI

394 3254 436 3325 ad
458 3255 642 3324 Robertum
665 3259 867 3326 Francorum
885 3286 1014 3354 regem,
1033 3259 1130 3328 affert
1148 3286 1188 3328 ex
1203 3263 1241 3330 V
1236 3261 1343 3328 oleru>
1365 3257 1457 3350 Ruso

395 3365 427 3429 in
446 3361 529 3432 libro
542 3363 828 3448 Memorabilium,
843 3366 988 3460 capitulo
1003 3381 1123 3460 quarto
1140 3365 1180 3434 dc
1194 3363 1371 3460 Prodigiis,
1385 3388 1458 3460 quae

397 3469 485 3561 apud
496 3467 666 3538 Valerium
682 3469 883 3558 Maximum,
899 3469 952 3540 lib.
970 3475 986 3538 l
1001 3471 1266 3541 Memorabilium
1276 3525 1285 3556 ,
1295 3496 1366 3568 cap.
1381 3469 1404 3539 6
1417 3469 1458 3540 de

396 3571 571 3668 Prodigiis,
587 3599 618 3642 n.
636 3571 674 3658 5,
690 3571 852 3672 leguntur.

490 3785 613 3852 Utrum
636 3785 801 3882 Epitome
832 3782 927 3855 illius
951 3791 1071 3884 operis
1092 3785 1203 3858 bodie
1223 3799 1363 3855 tantum

845 3907 1000 3998 supersit.

447 4091 541 4179 Quos
558 4115 638 4160 vero
657 4091 756 4161 hodie
773 4094 834 4161 sub
852 4119 891 4162 eo
909 4097 1041 4165 nomine
1060 4094 1212 4189 legimus,
1229 4123 1329 4190 quum
1346 4095 1460 4165 dictio·
