3184 5132
317 498 427 566 CAP.
460 497 530 584 IV,
562 497 631 564 DE
665 497 1030 567 SPECTACULIS.
1132 523 1203 596 119
1309 549 1314 558 -

138 632 280 700 veritate
308 644 549 724 temperatum,
578 627 717 722 ideoque
739 652 880 698 vacuum
904 627 1009 698 nota¹
1034 645 1100 720 est3
1129 657 1207 703 nam

140 763 250 832 neque
276 736 366 805 tribu
387 749 557 823 movetur,
576 759 683 830 neque
702 760 721 804 a
744 734 939 804 militaribus
959 737 1128 831 stipendiis
1152 765 1207 809 rc-

57 925 63 935 ,
139 843 284 938 pellitur.

202 948 233 1020 5.
257 953 301 1018 Et
319 951 394 1043 quia
415 950 523 1018 caeteri
547 947 614 1016 ludi
636 949 716 1042 ipsis
734 946 1008 1043 appellationibus
1028 950 1116 1019 unde
1137 963 1207 1020 tra-
1245 975 1246 980 ¹

144 1057 269 1125 hantur
283 1069 436 1150 apparet,
456 1081 524 1124 non
540 1053 720 1124 absurdum
739 1054 887 1141 videtur,
909 1054 1128 1126 secularibus²
1147 1059 1207 1126 ini·

144 1165 227 1230 tium
243 1187 356 1248 suum,
373 1163 466 1255 cujus
484 1162 612 1256 generis
627 1162 736 1229 minus
753 1163 831 1229 trita
848 1162 966 1230 notitia
979 1177 1045 1248 est,
1060 1162 1205 1232 reddere.

144 1270 261 1356 Quum
284 1268 407 1361 ingenti
431 1265 614 1362 pestilentia
634 1266 714 1336 urbs
735 1269 870 1361 agrique
889 1281 1116 1354 vastarentur,
1136 1271 1207 1340 Va-

144 1373 259 1462 lesius,
278 1375 329 1442 vir
349 1372 511 1468 locuples,
529 1375 659 1442 rusticae
676 1375 768 1460 vitae,
788 1373 919 1441 duobus
940 1373 1013 1443 filiis
1028 1389 1061 1442 et
1083 1374 1148 1444 lilia
1166 1377 1208 1444 ad

143 1479 408 1574 desperationem
423 1503 526 1574 usque
545 1479 748 1548 medicorum
765 1477 1006 1564 laborantibus,
1024 1503 1143 1573 aquam
1160 1505 1210 1550 ca·

143 1585 244 1654 lidam
265 1587 302 1655 iis
320 1610 339 1653 a
358 1585 433 1654 loco
448 1601 579 1681 petens,
600 1586 737 1681 genibus
755 1587 864 1672 nixus,
885 1572 1006 1678 Lares³
1018 1585 1210 1674 familiares,

143 1708 186 1759 ut
193 1715 378 1787 puerorum
388 1693 576 1787 peucetiam
589 1699 624 1760 in
639 1697 745 1787 pasius
757 1707 862 1788 caput
876 1691 1118 1784 transferrent,
1136 1719 1210 1762 ora-

143 1799 203 1866 vit.
219 1801 303 1868 Orta
314 1797 433 1866 deinde
445 1823 510 1866 vox
525 1812 589 1883 est,
616 1798 836 1867 «habiturum
851 1823 906 1866 eos
921 1797 1045 1884 salvos,
1061 1799 1087 1866 si
1102 1813 1210 1868 contr-

143 1929 215 1972 nuo
230 1905 366 1972 llumine
380 1903 491 1971 Tiberi
503 1903 657 1972 devectos
671 1907 851 1971 Tarentum
865 1902 1084 1997 deportasset,
1100 1906 1212 2000 ibique

144 2035 188 2077 ex
204 2011 291 2078 Ditis
304 1996 423 2103 patris⁴
436 2023 469 2078 ct
481 2010 686 2103 Proserpinae
702 2033 757 2078 ara
768 2011 874 2139 petita
886 2009 980 2078 calda
993 2026 1179 2080 recreasset
1190 2040 1208 2077 a

144 2119 200 2183 Eo
214 2115 372 2209 predicto
386 2139 587 2210 magnopere
602 2115 758 2185 confusus
781 2169 791 2204 ,
810 2114 899 2209 quod
913 2129 947 2184 et
961 2115 1059 2211 longa
1075 2132 1108 2185 et
1121 2119 1211 2211 peri-

146 2220 263 2290 culosa
282 2223 450 2316 navigatio
462 2221 702 2316 imperabatur,
719 2243 778 2317 spe
795 2236 908 2290 tamen
926 2208 1049 2290 dubia⁶
1069 2247 1209 2318 presen-

192 2411 660 2474 1.N0ta,scil.infamioe.llistriones
703 2423 790 2464 tamen
813 2409 957 2476 differunt,
975 2423 1005 2464 ut
1023 2413 1062 2463 lar
1075 2410 1154 2466 deum
1173 2415 1211 2466 fa·

147 2493 222 2546 enim
232 2475 441 2561 apudflomanos
451 2491 560 2544 infames
570 2504 659 2544 eraut:
702 2489 831 2543 miliarem
849 2491 931 2562 magis
949 2487 1073 2557 denotet,
1093 2493 1142 2544 lars
1162 2512 1211 2546 no-

148 2571 275 2625 Attellani
289 2589 343 2623 uon
358 2571 431 2623 item.
702 2587 763 2622 men
778 2571 917 2642 proprium
931 2567 977 2636 sit,
991 2589 1015 2624 e.
1027 2587 1066 2642 gr.
1079 2569 1144 2625 Lars
1155 2571 1211 2625 To·

193 2672 218 2704 ².
242 2651 400 2704 Secularibus.
427 2647 518 2702 Ludos
544 2649 661 2700 seculares
702 2649 1212 2722 lumnius.Quumautemautiquissimis

149 2731 309 2782 saecularesve
324 2728 662 2794 indedictosantumatPo-
704 2731 867 2800 temporibus
893 2729 1028 2784 interdum
1056 2732 1155 2783 mortui
1182 2733 1211 2784 in

148 2811 270 2876 litianus,
281 2808 354 2882 qnod
362 2811 520 2881 plerumque
528 2808 608 2862 semel
615 2809 662 2861 bo-
704 2807 805 2862 sedibus
818 2822 904 2862 essent
916 2810 1027 2880 sepulti,
1042 2809 1105 2862 binc
1120 2823 1146 2862 et
1161 2829 1211 2881 pro

150 2891 231 2944 minis
245 2903 320 2944 aetate
334 2889 442 2955 fierem
456 2901 487 2942 ut
500 2889 583 2942 multa
598 2887 661 2953 slis,
703 2887 754 2940 diii
767 2880 939 2940 familiaribus
951 2889 1049 2958 passim
1062 2882 1135 2942 culti.

150 2989 212 3042 que
227 2989 285 3023 rara
305 2983 380 3034 sunt,
397 2982 458 3042 post
470 2969 588 3022 seculum
601 2986 661 3020 eve·
746 2968 1212 3036 4.Patris.Communepntrisnomen

151 3051 225 3114 nire,
236 3051 401 3121 loquentium
410 3045 575 3102 consuetudo
586 3061 662 3099 usur·
704 3045 756 3098 diis
762 3045 915 3118 praecipuis:
924 3045 1019 3098 veluti
1022 3046 1119 3117 upiter,
1132 3048 1214 3100 Liber

150 3142 208 3200 pat.
228 3131 268 3181 De
286 3131 344 3201 ipso
364 3139 452 3182 autem
474 3127 554 3181 seculi
576 3126 662 3198 spatio
704 3125 1212 3198 pater,Marspiter,etc.Verosimileest,

149 3207 263 3260 diversa
277 3221 338 3260 sunt
352 3210 495 3261 sententie.
511 3207 564 3259 Alii
577 3205 662 3258 unde·
705 3207 755 3258 sub
762 3209 843 3276 patris
859 3205 968 3258 nomine
987 3224 1058 3257 unum
1073 3205 1212 3258 hominum

150 3305 205 3340 nos
214 3286 299 3340 decies
308 3287 542 3358 annossccipinnt,
553 3286 596 3340 alii
602 3297 663 3358 post
705 3297 807 3357 petrem
820 3283 899 3337 deum
913 3285 1024 3338 coluisse
1038 3297 1152 3349 veteres,
1170 3286 1213 3338 cui

153 3367 178 3419 C
196 3384 293 3417 annum
312 3365 419 3419 rediisse
436 3378 481 3420 eos
500 3365 578 3419 ludos
592 3365 662 3418 arbi·
705 3383 755 3436 pro
768 3365 870 3417 ratione
882 3365 1070 3418 beneficiorum
1082 3365 1154 3417 va'ria
1168 3384 1212 3418 co-

152 3445 663 3517 trautur.Institutiprimumal'alerio
705 3444 829 3515 gnomina
844 3445 995 3497 tribuerint.
1016 3435 1153 3512 (Servius.)
1173 3478 1212 3488 -

153 3524 663 3597 Poplicola-Trita.Certnmduitpm
708 3519 804 3576 Calido.
823 3524 902 3577 Calda
916 3525 1015 3576 scilieet
1036 3541 1117 3592 aque,
1133 3543 1210 3593 quam

155 3608 217 3656 trita
229 3603 347 3674 Pighius.
363 3603 414 3658 Sed
428 3605 532 3658 monuit
543 3605 664 3676 Lipsius,
706 3605 795 3674 egroti
809 3603 846 3656 illi
860 3601 996 3656 desideriis
1009 3603 1146 3672 petierant.

154 3684 286 3754 originem
298 3682 423 3736 ludorum
438 3684 590 3736 occultetis
603 3681 663 3753 qul·
749 3684 775 3736 5.
797 3681 924 3750 Confusis.
951 3682 1086 3736 vaticinio
1109 3695 1212 3753 pertur-

155 3763 218 3817 desn
233 3775 349 3829 certam,
361 3761 407 3815 sed
420 3779 475 3814 non
489 3779 560 3833 eque
573 3763 664 3832 vulga·
706 3763 790 3816 batus.

155 3857 210 3898 tam
231 3843 286 3896 sive
307 3843 397 3896 tritam
419 3841 508 3894 brisce.
526 3841 569 3894 Sic
586 3842 664 3894 etiem
748 3845 774 3895 6.
790 3840 837 3911 Spe
852 3852 930 3892 tanen
942 3840 1024 3893 dubia.
1038 3839 1133 3894 Sensim
1150 3855 1212 3894 est:

155 3925 248 3995 legunt
273 3941 365 3975 omnes
385 3921 488 3992 antiqui
508 3920 571 3974 libri
595 3922 665 3992 typis
708 3934 796 3975 temen
816 3939 900 3991 quum
919 3935 977 3990 spes
992 3919 1145 3974 restituendi
1160 3921 1214 3972 suis

155 4002 280 4075 expressi.
708 3997 970 4064 valetudinem,ltcet
981 3997 1215 4066 dubis,essetelfi·

198 4081 464 4136 stambucinis
470 4091 531 4133 sunt
537 4079 665 4133 hetruscae
708 4080 795 4135 oecion
808 4097 886 4150 quam
898 4094 1012 4150 presens
1026 4091 1053 4132 et
1063 4093 1149 4134 certus
1158 4099 1213 4132 me·

155 4179 234 4216 voces
245 4175 272 4216 et
283 4160 430 4234 principem
444 4159 625 4229 denotent,in
633 4177 665 4213 cc
710 4159 840 4230 tuslongn
846 4171 871 4212 et
878 4159 1214 4230 periculosuuavigatiouis

988 4258 1031 4334 84
