3168 5124
376 484 481 552 CAP.
511 485 555 570 V,
581 485 649 552 DE
676 485 929 554 JUSTITIA.
1119 492 1194 586 447

118 616 190 711 ejus
212 616 368 686 miseram
390 612 595 684 fortitudinis
617 639 685 684 suae
709 615 935 686 conditionem
963 618 1073 687 testati
1099 636 1197 710 sunt,

118 722 295 819 gloriosior
308 747 409 818 quam
426 720 622 817 optabilior3
636 720 898 792 intolerabilibus
914 724 1004 792 enim
1020 727 1196 798 oneribus¹

118 832 289 900 civitatem
308 855 427 899 eorum
446 827 649 924 implicanti,
665 830 797 925 siquid
810 846 919 900 morte
930 837 1077 926 grauius
1091 839 1196 930 unpe-

116 961 198 1007 rare
208 952 469 1034 perseveraret,
490 952 632 1006 mortem
644 961 683 1006 se
690 938 923 1033 praelaturos,
940 939 1185 1032 responderunt

174 1040 208 1115 5.
228 1048 301 1118 Nec
323 1069 443 1140 parum
462 1068 563 1138 grave
583 1045 737 1140 Spartani
759 1044 933 1138 cujusdam
955 1045 1098 1116 dictum²
1119 1074 1126 1116 :
1148 1050 1195 1118 si-

117 1151 253 1246 quidem
279 1149 453 1220 nobilitate
473 1164 507 1220 et
532 1153 707 1221 sanctitate
729 1165 907 1248 praestans',
928 1166 961 1221 et
981 1152 1015 1220 in
1035 1155 1194 1248 petitione
1298 1239 1301 1246 Ι

117 1261 333 1353 magistratus
349 1259 476 1346 victus,
489 1263 655 1328 maxrmce
668 1258 738 1328 sibi
749 1260 883 1328 loetitt'oe
897 1284 972 1328 esse
986 1260 1197 1354 praedicavit,

116 1363 216 1460 quod
233 1367 369 1462 altipuos
375 1370 503 1464 patria
521 1389 588 1434 sua
605 1390 644 1434 se
661 1367 818 1435 meltbres
835 1371 930 1436 viros
946 1366 1109 1456 baberet5
1128 1395 1195 1464 quo

118 1497 280 1568 responso
301 1472 470 1570 repulsam
486 1471 608 1540 honori
626 1471 821 1569 adaequavit.

491 1719 717 1810 CAPUT
749 1723 803 1810 V.

438 1934 486 2000 De
489 1934 622 2024 justitia
639 1933 866 2000 Romanorum.

120 2111 142 2140 r.
158 2091 244 2154 Populi
262 2091 361 2138 romani.
379 2118 411 2128 -
425 2106 447 2139 n.
462 2093 570 2151 Quatuor
586 2091 735 2139 tribunorum
750 2093 835 2155 plebis.
846 2119 877 2129 —
889 2093 912 2140 3.
929 2093 964 2141 'l‘n
977 2093 1077 2142 Gracchi
1091 2113 1153 2144 cena.
1164 2123 1195 2135 —

149 2179 173 2228 4.
187 2171 287 2235 Collegii
298 2172 448 2218 tribunorum
464 2171 549 2234 plebia.
563 2197 594 2208 -—
606 2172 629 2219 5.
648 2173 691 2220 Cn.
711 2173 809 2220 Domitii
826 2173 985 2221 Ahenobarbi.
996 2201 1028 2211 -
1039 2173 1062 2221 6.
1074 2177 1101 2223 Ι..
1112 2176 1197 2224 nenti

148 2252 228 2300 Crassi
238 2251 344 2300 oratoris.
357 2278 388 2288 -
400 2268 422 2314 7.
433 2255 460 2300 L.
473 2252 577 2300 Cornelii
588 2252 659 2300 Sulla
671 2267 721 2300 cot.

435 2400 621 2491 Dejustitia
639 2351 867 2465 Externomrit.

120 2577 141 2608 r.
160 2559 244 2607 Pittaci
261 2560 398 2620 Mitylenaei.
418 2585 450 2596 —
467 2575 490 2607 a.
513 2559 623 2608 Aristidis
643 2559 792 2608 atheniensis·
813 2585 845 2596 ·-
867 2560 890 2608 3.
909 2561 1002 2608 Zaleuci
1023 2563 1144 2612 locrensis.
1161 2591 1192 2601 -

149 2648 171 2696 t.
183 2640 314 2687 Charondz
326 2639 405 2686 thurii.

347 2811 403 2865 DE
426 2810 636 2866 JUSTITIA
664 2808 963 2865 noutnonttm.

169 2978 319 3070 Tempus
340 2988 407 3062 est,
428 2957 581 3068 justitiae³
594 2995 726 3066 quoque
752 2984 867 3040 sancta
882 2972 1064 3066 penetralia
1082 2975 1191 3062 adire,

118 3082 152 3150 in
168 3081 291 3178 qrribus
311 3105 443 3176 semper
464 3081 549 3174 aequi
569 3103 608 3148 ac
630 3077 729 3174 probi
746 3077 825 3148 lacti
846 3094 1016 3174 respectus
1037 3079 1190 3176 religiosa

117 3282 168 3335 niti
182 3299 189 3336 ε
204 3281 322 3353 Pldlippo
335 3281 455 3334 salutem!
468 3279 527 3334 Non
541 3279 634 3332 scilibet
677 3296 764 3332 arcem
772 3277 929 3332 Thebanam
941 3279 1110 3334 induciarum
1122 3295 1190 3336 tern-

118 3363 229 3415 colurum
238 3364 365 3432 imperanti
372 3361 417 3413 tibi
422 3359 576 3432 parem.Illo
585 3377 632 3412 au·
675 3375 742 3431 pore
751 3373 933 3431 occupassent.
1018 3359 1027 3368 ’

118 3455 172 3496 tem
183 3442 290 3514 gravius
300 3440 408 3495 duriora
423 3437 632 3512 imperante,di·
719 3458 745 3493 a.
768 3439 877 3493 Dictum.
887 3438 951 3492 Vid.
966 3440 1036 3494 Plut.
1050 3441 1187 3514 Apopbtb.

118 3535 230 3587 xerunt,
248 3520 322 3593 quod
339 3541 419 3591 supra
435 3533 523 3573 textus
541 3519 631 3574 babet.
717 3519 1188 3592 3.Justitioe.Suumcuiquleuanta

118 3633 158 3646 --
169 3602 342 3656 Fortitudinis.
354 3602 406 3655 Alii
417 3601 509 3672 legunt
512 3601 630 3667 fiartnnoe.
675 3611 715 3652 est
733 3617 820 3653 auree
838 3599 918 3670 hujus
934 3601 1032 3671 regula
1054 3604 1188 3668 extensio,

119 3681 216 3736 Nostra
229 3701 294 3736 vero
306 3682 385 3736 lectio
396 3680 541 3752 elegantior
554 3691 581 3732 et
589 3698 633 3732 re·
676 3691 748 3733 tanta
761 3698 868 3752 qnoque
883 3678 917 3732 ad
932 3679 1079 3752 aagendam
1101 3683 1188 3736 bomi-

119 3761 190 3831 rior,
200 3761 291 3834 judice
302 3761 452 3815 Perizonio.
464 3762 565 3813 lieven
576 3773 633 3812 erat
675 3777 741 3819 uuna
751 3760 861 3812 salutem
871 3760 996 3814 efficacia.
1008 3761 1084 3815 Hanc
1096 3763 1190 3834 igitur,

119 3845 206 3894 misera
221 3841 326 3893 conditio
335 3841 497 3910 fortitudinis,
506 3840 543 3893 ita
555 3839 632 3894 lorti·
676 3841 724 3911 qui
737 3841 868 3894 Veterum
881 3839 922 3912 'de
941 3861 1048 3894 morum
1068 3839 1190 3896 doctrina

121 3921 214 3975 tudine
230 3940 277 3974 sua
291 3921 339 3974 uti.
677 3920 822 3992 scripsere,
844 3921 998 3974 associatam
1023 3921 1190 3994 prudentie,

162 4023 188 4056 1.
211 4002 341 4056 oneribus.
362 4001 477 4054 Tantam
490 3999 633 4073 pamniam
676 3997 1190 4076 fortitudini,moderationi,prrecipuia

120 4079 171 4134 illis
184 4083 346 4154 imperabat,
355 4094 453 4154 quauta
468 4080 569 4135 cxsolvi
577 4099 632 4132 non
669 4091 719 4146 et,
734 4092 765 4133 ut
776 4079 813 4132 ita
829 4078 931 4148 dicam,
946 4080 1124 4136 cardinalibus
1135 4085 1191 4137 vir-

120 4158 632 4232 posset.Accusutienirnluerant,csuod
678 4155 1191 4235 tutibur‚enquibuscoeterapendeant,
