3196 5122
407 497 483 570 236
591 497 819 566 VALERII
848 495 1061 564 ΜΑΧΙΜΙ
1089 493 1186 562 LIB.
1214 493 1290 561 III.

460 628 493 701 3.
513 632 554 697 In
569 619 803 722 quamcunque
816 622 1082 696 memorabilium
1100 639 1230 720 partem
1249 623 1477 720 exemplorum

405 751 602 823 convertor,
613 732 712 803 velim
724 732 844 820 nolim,
856 731 905 802 in¹
919 733 1119 826 cognomine
1130 732 1323 826 Scipionum
1334 733 1479 802 haeream

405 868 539 914 necesse
561 857 619 912 cst.
642 841 711 932 Qui
733 841 822 910 enim
847 839 925 910 licet
943 839 1009 908 boc
1032 837 1096 908 loci
1114 840 1271 910 Nasicam
1292 841 1479 934 preterire,

406 950 538 1020 fidentis
561 950 678 1035 animi,
698 947 845 1042 dictique
867 945 1088 1018 clarissimum
1112 945 1303 1016 auctorem?
1329 949 1480 1016 Annonae

407 1058 546 1126 caritate
562 1056 810 1127 increbescente
819 1051 841 1140 ²,
860 1055 899 1122 C.
918 1053 1086 1122 Curiatius
1106 1052 1260 1122 tribunus
1279 1052 1386 1148 plebis
1403 1079 1480 1148 pro·

408 1163 525 1233 ductos
535 1164 570 1230 in
582 1163 777 1232 concionem
789 1159 941 1230 consules
955 1157 1190 1254 compellebat,
1204 1174 1242 1229 ut
1254 1159 1296 1228 dc
1311 1160 1481 1228 frumento

410 1269 566 1356 emendo,
588 1283 687 1363 atque
700 1267 744 1336 ad
762 1267 795 1338 id
814 1267 985 1362 negotium
1001 1265 1233 1360 explicandum
1253 1267 1421 1336 mittendis
1437 1265 1481 1336 le·

412 1377 513 1471 gatis,
536 1376 715 1446 incuriam
737 1373 917 1460 referrent;
940 1373 1035 1466 cujus
1053 1374 1194 1444 instituti
1214 1359 1369 1443 minime³
1395 1373 1482 1443 utilis

410 1482 643 1579 interpellandi
670 1483 775 1578 gratia
803 1482 925 1552 Nasica
954 1480 1155 1550 contrariam
1185 1483 1350 1550 actionem
1379 1480 1482 1550 ordiri

410 1591 520 1684 coepit.
545 1589 768 1684 Obstrepente
792 1587 910 1657 deinde
933 1587 1045 1683 plebe,
1075 1591 1215 1674 Pacete,
1238 1611 1376 1684 qrues0,
1402 1591 1482 1679 Qui·

411 1702 507 1784 riter,
529 1696 636 1791 inquit
646 1722 656 1784 ;
667 1697 751 1792 plus
764 1700 853 1764 euim
867 1720 951 1790 ege,
972 1719 1078 1789 quam
1091 1718 1172 1780 vos,
1189 1695 1277 1790 quid
1284 1693 1483 1790 reipublice

412 1803 593 1899 expediat,
609 1804 771 1898 intelligo.
792 1803 869 1892 Qua
887 1826 970 1872 voce
988 1800 1115 1889 audita,
1133 1827 1249 1871 omnes
1269 1799 1370 1896 pleno
1385 1825 1480 1870 vene·

413 1912 549 1980 rationis
564 1909 710 1999 silentio,
724 1910 885 2003 majorem
901 1908 971 2002 ejus
986 1894 1218 1996 auctoritatis&
1233 1933 1334 2002 quam
1347 1933 1483 1978 suorum

413 2016 647 2088 alimentorum
669 2031 858 2113 respectum
879 2030 1027 2110 egerunt.
1096 2063 1101 2075 ·

470 2127 504 2210 Δ.
515 2126 600 2194 Livii
609 2149 742 2219 quoque
753 2108 960 2193 Salinatoris⁵
975 2137 1105 2193 aetcmae
1121 2124 1289 2192 memoriae
1304 2121 1483 2192 tradendus

415 2231 569 2299 animus:
593 2233 650 2324 qui
669 2256 770 2325 quum
783 2227 1025 2300 Hasdrubalem
1046 2231 1293 2324 exercitumque
1305 2233 1482 2300 Poenorum

417 2338 450 2404 in
465 2322 623 2405 Umbria⁶
637 2337 794 2424 delesset,
811 2352 844 2406 et
862 2339 891 2406 ei
908 2336 1091 2424 diceretur,
1110 2336 1224 2407 Gallos
1236 2361 1275 2408 ac
1289 2339 1432 2431 Ligures
1448 2361 1485 2404 er

417 2444 488 2510 acic
500 2445 569 2512 sine
585 2441 725 2512 ducibus
740 2458 774 2512 et
787 2445 888 2538 signis
907 2468 1038 2539 sparsos
1050 2467 1090 2513 ac
1105 2443 1254 2538 palantes
1268 2467 1374 2540 parva
1387 2467 1485 2512 manu

418 2550 562 2643 opprimi
581 2575 693 2644 posse,
716 2549 903 2644 respondit,
929 2556 966 2618 ia
986 2551 1051 2620 hoc
1071 2555 1113 2619 iis
1123 2556 1230 2646 parci
1246 2566 1423 2648 oportere,
1445 2573 1485 2618 rte
1577 2587 1578 2590 ¹

418 2654 573 2724 tosttbus
590 2672 701 2726 tantae
722 2656 833 2726 clades
850 2655 1029 2726 domestici
1043 2663 1155 2727 ursatii
1169 2658 1335 2728 deessent.

478 2758 509 2832 5.
529 2761 651 2832 Bellica
671 2763 743 2833 baec
764 2765 938 2858 praesentia
959 2765 1083 2832 animi:
1110 2779 1223 2858 togata
1247 2763 1316 2852 illa,
1339 2763 1399 2834 sed
1422 2787 1485 2830 non

421 2872 530 2938 minus
549 2868 736 2958 laudabilis,
758 2894 856 2966 quam
873 2872 909 2940 P.
924 2871 1042 2940 Furius
1059 2869 1172 2940 Philus
1187 2870 1303 2943 consul
1318 2871 1354 2940 in
1375 2883 1485 2940 senatu

422 3073 468 3146 qui
482 3084 509 3126 et
528 3071 578 3144 ipsi
590 3073 663 3125 varia
675 3073 797 3126 acumina
808 3072 932 3126 habeant.
978 3091 1052 3138 mur,
1074 3073 1223 3126 horrorem.
1244 3073 1398 3126 Crebrescm
1412 3071 1486 3124 scribi

422 3151 487 3206 Vid.
502 3154 579 3206 Curt.
592 3153 643 3212 tv,
661 3154 706 3218 13,
724 3153 775 3218 363
791 3153 861 3206 Plin.
876 3153 933 3216 IX,
978 3172 1032 3206 non
1048 3154 1106 3206 vult
1121 3154 1258 3206 Manutius
1271 3154 1300 3206 in
1315 3153 1468 3224 ortograpb.

424 3234 468 3287 33.
485 3262 528 3276 -··
542 3231 642 3284 Tabulis
657 3233 794 3302 plumbatis.
812 3232 850 3284 Ut
863 3251 934 3285 rner-
1020 3232 1485 3304 3.Mirsr'meutilis.Quinoognoverst‚

422 3325 548 3384 gerentur
573 3311 800 3381 inmolandum,
816 3330 866 3365 nec
883 3311 934 3366 flu·
978 3313 1030 3365 hoc
1042 3310 1113 3366 idem
1133 3314 1195 3366 alias
1215 3314 1396 3386 periculosum
1414 3313 1486 3365 tuisse

423 3393 496 3446 mine
511 3392 706 3464 abriperentur.
978 3392 1097 3446 libertati
1121 3413 1190 3446 rom.
1215 3391 1267 3448 Sed
1294 3406 1385 3465 aperte
1404 3410 1486 3446 causes

468 3491 492 3525 r.
513 3472 592 3524 Velim
608 3472 699 3534 nolim,
721 3475 755 3524 iu.
771 3471 871 3524 Passim
891 3490 935 3523 ue·
979 3471 1486 3545 tumproferremonoommodepoterat.

424 3552 466 3602 lim
478 3553 577 3604 nolimu
586 3563 614 3604 ut
623 3555 656 3604 in.
667 3552 818 3622 Utrumque
829 3550 936 3605 videtur
1021 3560 1047 3618 4.
1069 3554 1189 3624 Mujurem
1210 3557 1260 3625 ejus
1280 3557 1439 3607 auctoritatis.
1457 3553 1487 3603 In

425 3627 622 3702 interpolatum.
645 3631 714 3685 Nam
729 3633 802 3684 uelim
815 3632 888 3684 nolim
903 3651 935 3685 ex
979 3631 1059 3686 codd.
1074 3633 1176 3704 aliquot
1191 3637 1303 3705 majona
1326 3637 1487 3686 auctoritem

426 3710 528 3762 solenni
544 3713 658 3765 formula
675 3711 788 3778 dicitur;
802 3725 828 3764 et
845 3731 935 3764 neeesse
980 3715 1038 3782 ejus.
1054 3713 1144 3766 Minus
1154 3715 1230 3768 bene.

424 3801 462 3840 est
470 3792 614 3845 sexcenties
624 3811 685 3845 curn
700 3793 868 3865 subjunctivo
879 3793 935 3846 sine
1023 3792 1048 3847 5.
1070 3793 1135 3846 tivit
1153 3815 1243 3867 quoque
1261 3793 1424 3855 Salinatoris,
1439 3804 1486 3845 etc.

426 3871 614 3942 conjunctione
630 3885 657 3924 ut
676 3874 793 3944 positum
809 3872 935 3926 invenias.
980 3875 1031 3926 An.
1043 3874 1078 3926 U.
1094 3873 1159 3938 546.
1174 3874 1233 3928 Liv.
1245 3874 1370 3938 xxvtl,
1386 3881 1432 3943 49.
1445 3871 1488 3924 Sa·

469 3970 494 4002 n.
516 3951 629 4004 Amrouoe
642 3957 743 4005 caritate
759 3953 935 4006 increbrescente.
980 3954 1078 4006 linatur
1093 3951 1126 4006 ad
1137 3955 1290 4008 Metaurum
1306 3951 1425 4008 reddidit
1437 3953 1488 4006 Ρω-

426 4029 476 4080 An.
494 4031 529 4082 U.
546 4031 610 4085 615.
629 4033 689 4084 Nou
702 4052 837 4086 rumorem
854 4032 936 4086 modo
982 4035 1023 4087 nis
1032 4033 1145 4087 similem
1160 4035 1285 4088 cannensi
1299 4033 1411 4088 cladem.

427 4119 454 4158 et
470 4108 581 4173 famam,
595 4109 640 4162 sed
655 4113 765 4166 etruria
788 4113 837 4164 alin
860 4117 936 4164 iucre-
1024 4118 1050 4168 6.
1064 4114 1171 4166 Umbria.
1181 4115 1255 4168 Inter
1271 4113 1430 4168 Sabinorum
1443 4125 1487 4164 ter·

428 4185 519 4240 Irascere
529 4186 667 4254 dicunt‚r.
676 4209 699 4244 c.
709 4205 850 4245 ventorum
861 4211 934 4244 mur·
983 4214 1039 4248 ram
1054 4207 1080 4249 et
1092 4194 1235 4251 Tbuscism
1249 4195 1307 4250 sita.
