3168 5124
376 487 453 584 396
567 480 787 554 vaauen
814 483 1021 552 maxtin
1048 481 1148 551 ms.
1176 481 1219 552 v.

374 645 434 692 sua
450 619 502 690 his
520 632 608 688 terra
627 615 805 712 operienda
821 614 1046 702 tradiderunt3
1061 615 1118 708 qui
1137 614 1293 708 quoniam
1309 617 1436 710 patriae,

374 749 475 821 quam
496 725 572 794 vitae
589 747 672 811 suae,
687 723 852 817 longiores
867 723 1025 792 terminos
1043 745 1114 790 esse
1132 719 1336 808 maluerunt,
1355 722 1436 792 bene

373 829 514 927 jacent¹,
528 829 680 900 manibus
700 843 735 898 et
750 829 877 898 ossibus
900 829 967 898 suis
987 827 1110 922 punico
1131 826 1268 897 dilatato
1289 829 1434 922 imperio.

376 939 447 1008 Ubi
468 951 545 1007 sunt
562 936 712 1031 superhae
729 935 940 1030 Carthaginis
961 933 1026 1004 alta
1045 932 1188 1003 moenia?
1200 934 1258 1003 ubi
1276 935 1437 1004 maritima

377 1042 483 1140 gloria
500 1040 612 1136 inclyti
627 1041 766 1136 portus?
779 1040 836 1108 ubi
852 1041 980 1110 cunctis
1003 1039 1168 1110 littoribus
1186 1039 1339 1110 terribilis
1356 1039 1437 1110 clas-

376 1148 443 1220 sis?
462 1149 519 1220 ubi
538 1163 589 1216 tot
610 1143 795 1218 exercitus?
809 1147 866 1216 ubi
880 1160 992 1216 tantus
1005 1144 1190 1242 equitatus?
1206 1148 1264 1216 ubi
1279 1149 1440 1216 immenso

375 1255 497 1324 Africae
518 1255 623 1349 spatio
644 1277 713 1322 non
733 1254 881 1322 contenti
903 1251 1060 1347 spiritus?
1084 1254 1207 1322 Omnia
1228 1255 1289 1324 ista
1311 1253 1440 1323 duobus

376 1359 584 1455 Scipionibus
610 1359 744 1428 fortuna
767 1361 890 1456 partita
913 1373 983 1446 est;
1010 1373 1045 1429 at
1071 1357 1294 1430 Philaenorum
1319 1361 1441 1454 egregii

377 1466 456 1536 facti
482 1467 676 1536 memoriam
708 1489 750 1534 ne
777 1467 892 1561 patriae
922 1466 1055 1560 quidem
1086 1466 1238 1536 interitus
1264 1467 1440 1536 exstinxit:

378 1572 461 1642 nihil
480 1587 529 1642 est
553 1573 672 1668 igitur,
697 1587 836 1666 excepta
852 1573 990 1662 virtute,
1008 1571 1097 1666 quod
1117 1570 1248 1642 mortali
1270 1574 1383 1646 animo
1402 1597 1441 1643 ac

379 1704 482 1748 manu
501 1675 687 1748 immortale
708 1679 810 1772 quaeri
829 1679 941 1772 possit
969 1719 977 1732 ι

434 1781 466 1856 5.
488 1783 631 1855 Juvenili
649 1783 768 1854 ardore
786 1783 884 1880 plena
903 1784 974 1854 haec
995 1785 1117 1879 pietas3
1139 1783 1349 1854 Aristoteles²
1362 1807 1439 1854 vero

262 1962 264 1967 .
379 1917 541 1987 supremae
558 1893 634 1962 vitae
653 1889 806 1986 reliquias
828 1889 983 1961 senilibus
1003 1915 1043 1960 ac
1063 1892 1192 1987 rugosis
1212 1891 1390 1978 membris,
1409 1893 1442 1960 in

381 2023 511 2068 summo
539 1996 722 2067 litterarum
753 1999 846 2086 otio,
870 1997 926 2066 vix
952 1997 1162 2085 custodiens,
1187 1997 1271 2068 adeo
1295 1997 1443 2068 valenter

381 2129 444 2200 pro
462 2104 566 2174 salute
587 2106 700 2200 patriae
716 2105 881 2192 incubuit,
897 2117 936 2172 ut
952 2128 1045 2194 eam,
1063 2103 1235 2174 hostilibus
1251 2105 1352 2174 annis
1374 2103 1441 2174 solo

382 2227 565 2306 aequatam,
585 2212 619 2279 in
642 2210 764 2280 lectulo
790 2209 970 2280 atheniensi
999 2211 1136 2305 jacens,
1157 2211 1383 2281 Macedonum
1403 2211 1442 2280 de

384 2319 556 2404 manibus,
578 2318 697 2410 quibus
725 2317 853 2410 abjecta
879 2331 971 2406 erat,
995 2319 1157 2414 eriperet:
1178 2319 1223 2386 ita
1247 2319 1352 2406 urbs,
1377 2341 1440 2385 non

382 2436 451 2492 tam
470 2437 572 2492 strata
591 2437 690 2516 atque
711 2407 844 2492 eversa³
861 2421 1057 2513 Alexandri,
1076 2448 1175 2518 mam
1196 2426 1347 2494 restituta
1365 2425 1440 2492 ari-

384 2528 509 2598 stotelis
523 2543 639 2596 notum
654 2541 703 2596 est
716 2553 810 2623 opus.
826 2531 921 2598 Patet
932 2555 1030 2625 ergo,
1041 2554 1140 2624 quam
1153 2530 1320 2624 benignae,
1329 2553 1437 2622 quam

384 2659 449 2728 que
474 2633 617 2729 profusae
644 2635 774 2729 pietatis
801 2659 880 2730 erga
908 2638 1069 2732 patriam,
1094 2637 1243 2707 omnium
1270 2635 1435 2722 ordinum,

427 2846 453 2880 1.
473 2827 539 2880 Bene
549 2829 639 2897 jacent.
660 2827 696 2880 Et
713 2845 793 2900 supra
809 2830 891 2898 jacere
933 2848 984 2901 pro
1011 2841 1129 2902 aequatam
1152 2827 1249 2902 legitur
1271 2825 1429 2900 agendam,

384 2925 434 2980 pro
449 2906 565 2977 sepultum
581 2925 629 2958 esse
637 2905 713 2961 dixit.
933 2921 1026 2962 contra
1036 2907 1117 2961 fidem
1125 2909 1251 2962 historie.
1261 2907 1363 2979 Optime
1370 2923 1435 2958 con·

427 3007 453 3040 a.
474 2986 625 3040 Aristoteles.
641 2985 706 3040 Vid.
719 2987 816 3042 AElian.
833 2987 891 3052 111,
933 2988 1017 3042 stituit
1040 2999 1141 3042 textum
1160 2989 1296 3060 Keppius,
1313 2998 1345 3040 ut
1361 2986 1437 3038 locus

389 3066 596 3138 17;X11,5s;
619 3066 688 3120 Plin.
705 3067 777 3134 vn,
792 3085 837 3135 ²9·
851 3097 891 3109 --
932 3066 1049 3121 historiae
1068 3069 1224 3134 conveniat,
1238 3079 1266 3120 et
1280 3085 1370 3120 reum
1384 3065 1439 3119 sit:

385 3145 514 3217 Supremoe.
545 3145 699 3199 Perizonius
720 3146 827 3218 conjicit
850 3165 891 3198 su·
934 3147 988 3200 urbs
996 3146 1099 3218 Stagtm
1111 3168 1203 3209 eversa,
1218 3147 1441 3200 bortatuAn'stote·

382 3245 485 3296 premas.
501 3257 541 3273 -
556 3226 592 3277 Ut
602 3245 710 3280 eam......
727 3229 834 3296 eriperet.
849 3225 892 3278 Sic
934 3227 978 3289 tis,
995 3225 1026 3278 ab
1039 3227 1184 3280 Alexandro
1195 3231 1305 3280 restituta
1318 3238 1363 3278 est.

386 3304 610 3359 Torreniuehunc
621 3305 709 3358 locum
718 3305 785 3358 mire
797 3303 891 3377 depra·
974 3307 1001 3360 3.
1022 3307 1063 3360 lta
1077 3305 1159 3360 urbs..
1225 3325 1313 3360 eversa.
1335 3305 1440 3376 Pighius

386 3397 477 3438 votum
495 3382 587 3437 edidit.
603 3385 724 3456 Kappios
744 3385 892 3456 suspicatur
934 3403 965 3438 ex
983 3385 1101 3456 Diogene
1123 3385 1229 3440 Laertio
1249 3397 1278 3438 et
1299 3385 1442 3438 Plutarcho

386 3462 545 3534 legendum:
560 3475 588 3516 ut
601 3483 665 3525 earn,
682 3464 805 3516 hostilibus
820 3467 892 3516 armis
933 3465 1067 3518 restituit:
1082 3466 1123 3518 Ite
1138 3485 1186 3518 non
1205 3477 1253 3518 tem
1268 3465 1325 3518 urbs
1342 3465 1442 3535 Stagiris

386 3543 439 3596 soto
452 3557 581 3615 aquatam,
597 3547 622 3596 in
640 3543 725 3596 lectulo
738 3543 841 3598 Athenis
848 3546 892 3612 ja·
933 3564 1012 3598 eversa
1017 3543 1268 3606 5sedernendntioni
1276 3543 1356 3599 codd.
1366 3543 1441 3598 MSS.

287 3667 289 3672 ,
387 3624 590 3694 cens,etquidem
602 3621 760 3677 Macedonum
771 3623 889 3685 monibus,
934 3625 1441 3697 nonfavent,quistratapariooneeuatt

387 3703 471 3775 qulbus
483 3701 576 3773 abjecta
586 3705 892 3774 erat,en'gmt.1ntcxtu
934 3715 1051 3758 tuentur.
1071 3705 1173 3758 Urbem
1192 3705 1265 3758 illam
1287 3723 1344 3758 esse
1359 3703 1441 3776 sagi·

387 3783 590 3836 tomen'l'orren.
598 3795 724 3854 sequutus
730 3795 777 3836 est.
784 3783 892 3854 Pighius
933 3803 990 3837 ram
1006 3784 1081 3838 facile
1095 3785 1267 3856 intelligitur,
1277 3803 1328 3838 nec
1339 3801 1441 3838 necesse

385 3859 460 3916 dedit
468 3864 573 3936 objecto,¹
583 3861 692 3916 sednon
701 3861 890 3928 dubitandum,
934 3875 990 3917 erat
1002 3867 1058 3936 ejus
1067 3883 1163 3919 nomen
1174 3865 1219 3918 hio
1231 3865 1392 3938 exprimere.
1405 3893 1443 3904 -

386 3942 451 4010 quin
462 3944 566 4013 abjecta,
580 3943 598 3996 i.
614 3961 637 3996 e.
651 3943 736 4010 victe,
752 3956 889 4015 superata,
933 3943 1079 3998 Alexandri.
1095 3945 1156 3998 Non
1172 3957 1261 3999 tamen
1276 3941 1443 4007 Alexander,

386 4037 498 4088 eversa,
515 4025 660 4095 genuinum
681 4023 723 4077 sit.
746 4023 799 4076 alii
821 4023 889 4076 male
933 4033 962 4076 ut
984 4037 1075 4078 auctor
1092 4036 1188 4097 putat,
1207 4023 1254 4080 sed
1273 4025 1345 4078 illius
1366 4033 1443 4094 pater

387 4099 489 4168 adata.
508 4105 605 4157 Decem
619 4103 695 4158 tiss,
715 4103 747 4155 ab
767 4105 888 4156 hostilibus
931 4103 1212 4178 Philippus,hmynte
1221 4102 1443 4174 filincscginn

387 4183 470 4246 annu,
485 4183 688 4238 munionides
700 4185 780 4237 armis.
792 4183 891 4242 Partim
930 4185 1034 4242 evertit.
