3196 5122
308 514 416 586 CAP.
445 518 479 604 I,
506 517 575 586 DE
602 517 1012 588 MODERATIONE.
1123 520 1192 593 26¹

135 667 200 721 aut
212 673 335 719 necare
346 651 456 719 vellet.
472 651 538 735 Ita,
557 673 623 743 quo
638 651 777 720 civitatis
792 650 937 720 conditio
950 651 1083 722 liberior
1097 669 1199 744 esset,

134 759 306 852 imperium
321 781 416 826 suum
434 754 590 850 paulatim
606 755 775 826 destruxit.
793 757 899 845 Quid,
917 757 1005 852 quod
1020 759 1106 828 aedes
1122 785 1198 830 suas

133 864 248 949 diruit,
275 865 351 958 quia
380 862 557 932 excelsiore
586 861 659 931 loco
686 865 815 958 positae,
841 865 944 933 instar
966 867 1050 934 arcis
1075 866 1197 936 babere

131 970 345 1056 videbantur,
358 993 470 1038 nonne
487 983 646 1064 quantum
666 969 767 1039 domo
782 969 935 1057 inferior,
950 985 1079 1041 tantum
1092 971 1198 1068 gloria

132 1079 283 1172 superior
299 1074 425 1146 evasit?

188 1237 219 1279 α.
238 1211 302 1279 Vix
316 1211 412 1304 juvat
433 1209 523 1278 abire
543 1235 564 1278 a
580 1208 747 1305 Poplicola
763 1237 773 1296 ;
792 1211 849 1280 sed
871 1211 984 1280 venire
1003 1211 1043 1280 ad
1060 1214 1196 1283 Furium

131 1315 325 1385 Camillum¹
346 1316 443 1404 libet,
459 1317 553 1411 cujus
569 1331 636 1384 tam
655 1315 845 1386 moderatus
862 1344 901 1386 ex
917 1342 1037 1412 magna
1057 1321 1195 1413 ignomi-

129 1425 183 1491 nia
198 1423 238 1491 ad
248 1449 414 1492 summum
430 1424 606 1518 imperinm
625 1423 779 1491 transitus
799 1422 875 1508 luit,
895 1439 948 1508 ut,
965 1449 1067 1519 quum
1087 1427 1197 1518 praesi·

129 1529 220 1598 dium
248 1531 318 1624 ejus
346 1533 434 1601 cives
463 1543 559 1623 capta
584 1551 603 1594 a
626 1526 729 1597 Gallis
752 1529 834 1597 urbe
859 1529 996 1599 Ardeae⁸
1019 1529 1197 1601 exsulantis

128 1637 313 1730 petiissent,
331 1661 398 1704 non
414 1635 505 1729 prius
514 1635 614 1702 Veios
629 1634 671 1703 ad
684 1635 910 1730 accipiendum
925 1639 1105 1707 exercitum
1120 1639 1197 1727 iret,

128 1765 229 1836 quam
251 1743 292 1809 de
314 1741 477 1810 dictatura
504 1765 561 1809 sua
584 1743 695 1811 omnia
716 1741 841 1810 solenni
867 1743 939 1834 jure
963 1759 1037 1813 acta
1062 1769 1195 1838 compe·

126 1850 234 1916 risset.
255 1845 455 1940 Magnificus
472 1845 601 1916 Camilli
619 1849 811 1918 veientanus
835 1850 1041 1944 triumphus,
1063 1853 1196 1946 egregia

128 1952 248 2046 gallica
274 1955 410 2023 victoria
431 1980 441 2038 ς
472 1953 529 2022 sed
556 1955 616 2022 ista
642 1956 810 2023 cunctatio
839 1953 937 2049 longe
963 1955 1194 2026 admirabilior.

127 2058 241 2126 Multo
264 2059 349 2128 enim
379 2044 564 2153 multoque³
587 2083 621 2128 se
641 2062 748 2155 ipsum
770 2085 868 2154 quam
892 2061 1021 2130 bostem
1039 2087 1195 2156 superare

126 2166 300 2259 operosius
313 2180 379 2252 est,
393 2190 454 2234 nec
468 2165 606 2235 adversa
622 2191 833 2262 praepropera
847 2167 1053 2237 festinatione
1067 2168 1194 2264 fugien-

124 2284 213 2359 tem,
236 2297 297 2342 nec
319 2271 463 2344 secunda
485 2269 591 2342 affuso
611 2273 730 2368 gaudio
750 2272 1063 2368 apprehendentem.

124 2481 171 2535 tiis
187 2479 243 2536 vid.
255 2483 287 2536 Α.
300 2481 369 2536 Gell.
387 2483 448 2547 XV,
464 2501 515 2552 ης
525 2483 637 2554 lb‘onya.
681 2482 740 2535 Liv.
755 2483 798 2548 V,
813 2485 859 2548 46.
876 2483 1001 2536 Camillus
1016 2483 1099 2555 captia
1119 2483 1192 2540 Veiis

122 2560 187 2615 flat.
201 2564 262 2616 Ant.
275 2564 352 2616 Rom.
370 2563 418 2616 lX.
437 2563 539 2616 Tribola
551 2575 577 2616 et
596 2583 652 2628 ru-¹
681 2559 798 2614 militnm
811 2563 938 2615 animosa
950 2581 979 2615 ee
992 2563 1130 2628 alienavit,
1143 2565 1191 2637 qui

123 2645 277 2695 riotaerant
290 2643 536 2714 popularia3magis
549 2655 637 2696 tamen
681 2641 807 2694 virtutem
828 2642 879 2694 viri
904 2641 1015 2713 rigidam
1041 2643 1119 2696 simul
1135 2658 1191 2698 stu·

123 2722 242 2785 tributa,
251 2723 312 2794 quia
321 2723 378 2775 sine
391 2722 513 2793 auspiciis
524 2721 636 2786 fiebant,
680 2721 779 2793 pebant
798 2733 824 2773 et
838 2720 958 2774 oderant.
970 2723 1002 2774 ln
1018 2723 1137 2775 exsilium
1151 2724 1190 2776 ire
1262 2718 1268 2733 '

123 2818 215 2873 oeque
234 2801 304 2855 scio
320 2819 387 2874 opus
408 2814 480 2867 erat,
497 2813 637 2871 antequam
680 2812 802 2866 coactus,
824 2799 868 2852 sed
891 2813 966 2870 capta
988 2819 1002 2851 a
1021 2800 1103 2854 Gallis
1124 2803 1191 2855 urbe

122 2879 157 2933 ad
169 2881 297 2952 populum
308 2877 637 2952 promulgarentur,quod
680 2879 772 2930 absens
797 2877 911 2930 dictator
936 2891 1054 2943 creatus,
1076 2881 1190 2951 ignomi-

122 2978 200 3014 eeaus
219 2961 246 3012 in
264 2961 379 3014 curiatis.
402 2959 543 3013 Crateri-iata
561 2970 637 3012 erant
680 2958 751 3010 niam
764 2975 838 3008 suam
852 2957 961 3009 minime
973 2957 1113 3022 ulciscens,
1124 2960 1190 3013 libe·

122 3040 283 3112 oligarchica
292 3041 332 3092 vel
344 3039 432 3111 potius
445 3029 635 3104 aristocratica,
679 3037 748 3090 ravit
765 3037 887 3088 Romam.

120 3120 171 3172 ubi
192 3120 301 3190 singula
321 3120 445 3171 centuriae
463 3117 564 3190 singula
580 3119 635 3172 suf·
721 3115 1024 3170 a.Ardeoe.llntulorum
1033 3117 1096 3170 olim
1107 3117 1187 3190 regia.

119 3199 207 3270 fragia
224 3198 415 3252 conficiebant.
435 3199 466 3250 In
487 3217 537 3268 qua
555 3198 635 3252 classe
678 3228 719 3238 -
735 3197 817 3248 Veios.
830 3195 905 3248 Veiis
916 3197 1029 3249 Romani
1043 3199 1188 3252 exercitum

119 3297 189 3350 ergo
211 3279 301 3347 plures
330 3277 472 3340 centurio,
499 3277 576 3346 plura
596 3278 635 3330 ibi
677 3276 815 3329 etiamtum
827 3274 985 3329 incolumem
999 3276 1188 3331 habebant.-

118 3375 235 3430 quoque
249 3355 373 3427 suffragia
381 3356 589 3427 reperiebantur.
597 3359 634 3410 Ac
677 3355 777 3409 Salerni
781 3359 844 3426 jare.
856 3357 958 3410 Debitio
970 3356 1102 3428 suffragiis
1113 3376 1188 3410 more

118 3434 241 3510 proinde
256 3437 339 3506 major
351 3437 389 3487 vis
404 3436 432 3488 in
444 3437 529 3508 prima
542 3436 634 3501 classe,
677 3437 816 3507 majoram.

119 3535 185 3589 quaa
202 3515 303 3569 caeteris
314 3515 437 3568 classibus
450 3533 503 3569 una
516 3517 634 3568 centuria
719 3517 744 3568 3.
766 3516 847 3568 Multo
865 3518 925 3567 enim
947 3516 1072 3586 multoque.
1089 3517 1186 3588 Dupli·
1250 3515 1256 3522 “

119 3597 324 3650 antecessit—
337 3596 539 3648 Provocationem.
556 3595 633 3648 Sici·
677 3595 744 3648 catio
773 3595 889 3665 ejusdem
919 3595 990 3646 vocis
1012 3596 1040 3646 in
1064 3595 1185 3666 pluribus

118 3677 162 3730 vis
177 3694 304 3728 moranus
320 3687 484 3746 provocasset
499 3673 532 3728 ad
546 3694 632 3748 popu·
676 3659 773 3746 linguss
782 3675 896 3746 antiquis
907 3691 1048 3728 occurrens
1057 3677 1184 3746 majorem

118 3755 180 3810 lum
194 3769 221 3810 et
233 3756 349 3828 populus
361 3774 423 3808 eum
433 3753 531 3808 dimitti
545 3757 630 3808 vellet.
676 3753 730 3806 vim
743 3755 853 3808 vocibus
864 3751 946 3806 addit.
958 3754 995 3806 Ut
1005 3772 1012 3807 :
1022 3756 1105 3807 multo
1115 3757 1184 3808 mul·

119 3835 204 3888 Nulla
217 3835 245 3888 in
259 3854 289 3888 re
301 3835 422 3889 Valerius
435 3832 520 3888 videri
532 3836 631 3902 voluit,
676 3844 769 3904 toque,
784 3835 822 3886 sic
833 3853 839 3886 :
850 3834 946 3886 iterum
957 3833 1118 3905 iterumque,
1130 3854 1184 3888 ma·

120 3933 151 3968 ac
166 3915 307 3968 sinimiam
320 3915 370 3968 sibi
382 3912 528 3968 vindicaret
540 3927 633 3987 poten·
675 3913 715 3984 gis
730 3913 877 3984 magisque,
888 3914 966 3984 longe
978 3913 1183 3986 longeque.Vid.

119 3997 206 4061 tiam,
219 3993 265 4050 sed
282 3998 369 4068 potius
384 3996 533 4048 libertatem
545 4007 571 4048 et
583 4014 632 4067 po·
677 3993 833 4048 Ciceronem
845 3991 879 4045 de
889 3993 947 4046 Fin.
960 3993 1182 4058 tnta-Pra-

121 4075 234 4130 tentiam
247 4077 332 4148 plebis
342 4076 423 4130 auxit.
673 4091 789 4145 propera,
798 4085 846 4126 etc.
856 4072 898 4126 Sic
907 4073 1014 4146 plurimi
1022 4071 1100 4150 codd.
1107 4074 1181 4128 MSS.

166 4159 303 4214 1.me
313 4157 449 4214 emaum
459 4157 510 4210 An.
520 4156 555 4210 U.
566 4154 631 4212 363.
677 4165 704 4207 et
717 4154 755 4210 aio
768 4152 953 4210 emendaverat
967 4154 1181 4228 Pigbina,qonm

983 4249 994 4290 ³

929 4288 971 4358 ¹7
