3184 5132
261 533 371 602 cnr.
399 533 459 620 11,
486 531 555 600 ue
582 531 835 600 usotsrn.
864 531 1110 600 orr1c11s.
1171 557 1242 630 109

173 667 286 758 jocum
309 664 455 733 instituta
473 662 713 758 transgrediar,
734 677 831 731 antea
849 677 981 732 senatus
1000 663 1163 732 assiduam
1178 680 1242 735 sta·

177 773 303 840 tionem
320 795 360 839 eo
375 769 438 840 loci
454 769 649 864 peragebat,
667 771 722 862 qui
737 768 901 862 hodieque
916 771 1120 840 Senacudcm
1137 773 1245 867 appel·

179 877 288 946 latur:
307 901 368 946 nec
383 875 609 970 exspectabat,
631 889 668 943 ut
685 875 793 944 edicto
812 875 1079 963 contraheretur,
1096 877 1153 946 sed
1168 877 1245 948 inde

180 985 299 1053 citatus
313 985 464 1077 protinus
475 984 509 1051 in
521 983 650 1051 curiam
664 977 834 1068 veniebat,
845 981 1008 1078 ambiguae
1021 980 1126 1052 laudis
1137 985 1243 1054 civem

180 1091 384 1175 existimans,
405 1091 460 1182 qui
476 1087 593 1156 debitis
611 1086 798 1182 reipublice
816 1087 934 1158 officiis
952 1113 1020 1157 non
1039 1113 1098 1157 sua
1112 1105 1245 1184 sponte,

180 1195 240 1264 sed
259 1195 387 1288 jussus,
414 1193 606 1289 iungeretur
627 1219 638 1281 ;
659 1195 736 1286 quia
759 1193 917 1288 quidquid
940 1193 1078 1289 imperio
1100 1198 1246 1290 cogitur,
1261 1178 1282 1278 ¹.

180 1303 324 1395 exigenti
345 1302 465 1395 magis,
486 1323 585 1395 quam
604 1302 788 1394 praestanti,
810 1313 983 1394 acceptum
1005 1300 1155 1370 refertur.

238 1441 270 1512 7.
289 1415 376 1485 Illud
400 1441 532 1510 quoque
556 1417 716 1486 memoria
744 1415 1043 1510 repetendumest,
1070 1415 1159 1508 quod
1183 1417 1245 1484 tri-

182 1523 279 1592 bunis
292 1521 396 1617 plebis
407 1524 530 1590 intrare
541 1525 666 1592 curiam
680 1547 747 1591 non
760 1519 914 1610 licebat¹;
926 1535 1002 1590 ante
1012 1521 1124 1590 valvas
1135 1535 1245 1590 autent

181 1631 297 1724 positis
312 1628 488 1716 subselliis,
498 1627 630 1697 decreta
645 1643 775 1722 patrum
796 1629 1010 1697 attentissima
1027 1651 1108 1696 cura
1125 1629 1247 1696 exami-

150 1812 153 1820 ,
182 1735 333 1821 nabant,
357 1749 411 1820 ut,
437 1736 463 1802 si
486 1758 551 1827 qua
573 1759 613 1801 ex
640 1737 686 1803 eis
709 1735 966 1828 improbassent,
992 1749 1063 1802 rata
1086 1757 1156 1800 esse
1179 1757 1247 1801 non

183 1843 345 1910 sinerent:
369 1841 477 1932 itaque
497 1839 663 1906 veteribus
686 1836 975 1908 senatusconsultis
994 1841 1022 1906 T
1040 1836 1152 1906 litera²
1171 1838 1247 1907 sule

184 1946 285 2015 scribi
295 1943 419 2013 solebat
430 1996 439 2030 ‚
450 1968 553 2036 eaque
563 1959 643 2012 nota
654 1944 914 2038 significabatur,
924 1943 979 2011 illa
989 1930 1159 2012 tribunos³
1172 1969 1251 2037 quo·

186 2075 253 2144 que
275 2051 446 2118 censuisse.
470 2051 554 2137 Qui,
576 2052 726 2142 quamvis
745 2075 807 2143 pro
826 2049 1009 2118 commodis
1026 2049 1131 2144 plebis
1150 2075 1248 2118 excu-

187 2157 331 2242 babant,
359 2156 457 2248 inque
485 2141 657 2248 imperiis*
686 2154 931 2250 compescendis
958 2157 1111 2249 occupati
1140 2171 1249 2243 erant,

188 2356 316 2408 thorum.
332 2355 363 2406 ln
378 2354 497 2426 quinque
512 2353 586 2408 MSS.
602 2355 660 2406 leem
674 2367 699 2406 et
742 2356 837 2420 curie,
848 2357 895 2408 ubi
905 2357 1051 2410 habebatur
1058 2368 1163 2410 senatus
1171 2351 1250 2420 (tern-

184 2435 301 2506 perditis,·
316 2433 344 2486 in
359 2431 479 2498 duobus,
492 2435 653 2506 perditisque5
669 2435 696 2486 iu
741 2437 816 2508 plum
831 2435 902 2488 enim
918 2434 1020 2506 ingredi
1035 2435 1179 2508 antiquitus
1194 2456 1249 2490 non

188 2533 244 2566 uno
264 2525 289 2564 et
304 2513 416 2584 preditis.
438 2513 513 2566 Nihil
531 2511 696 2567 mutandum.
741 2511 1057 2588 licuit)‚etqu2cunque
1069 2530 1173 2570 senatus
1186 2535 1248 2570 cen·

189 2593 272 2647 Mores
286 2593 345 2644 hau
355 2593 446 2664 perditi
455 2591 582 2646 dicuntur
595 2607 625 2646 ut
637 2594 698 2644 edo·
741 2595 852 2659 suisaet,
877 2595 991 2648 tribunis
1015 2595 1249 2650 animadvertenda

190 2674 277 2724 leseem
292 2673 351 2724 lusu
367 2673 476 2744 perditus
497 2671 568 2744 apud
589 2673 697 2727 Terent.
741 2675 1002 2746 perferebantarzut
1015 2675 1037 2728 si
1049 2693 1064 2728 e
1077 2675 1180 2748 republ.
1193 2677 1250 2728 lore

189 2751 303 2823 Adelph.
313 2753 566 2822 lV,7,da.-Eo
574 2753 629 2806 loci.
638 2754 698 2806 Ele·
740 2752 909 2818 riderentur,
936 2756 1127 2826 approbarent,
1151 2753 1251 2826 adjecta

189 2845 281 2903 genter
293 2850 343 2902 pro
357 2852 386 2883 eo
406 2833 468 2890 loeo,
492 2831 564 2903 quod
576 2833 698 2886 nonnulli
742 2833 770 2886 in
787 2847 861 2904 terge
874 2834 936 2887 scu
951 2833 1027 2886 litera
1044 2835 1085 2900 '1¹3
1103 2847 1194 2888 cetera
1217 2833 1251 2887 ad

190 2911 265 2964 MSS.
288 2911 386 2964 habent
406 2931 437 2964 ex
454 2912 697 2984 interpretamento.
742 2913 881 2966 arbitrium
896 2913 1043 2983 rejicerent.

191 2991 492 3046 -Seneeaeiure-Grtece
504 2993 629 3063 γερουσία.
641 2992 701 3044 Fce-
785 3011 812 3044 a.
830 2992 956 3044 Tiittera.
970 2993 1036 3056 Ques
1048 3009 1145 3044 nomen
1163 2993 1250 3044 Tribu-

192 3081 235 3124 tae
248 3072 345 3134 refert,
364 3072 414 3123 trie
429 3071 494 3124 olim
514 3071 594 3124 inisse
608 3073 700 3123 Rome
744 3091 826 3122 metue
836 3072 959 3137 notabat,
968 3071 1030 3124 licet
1044 3083 1134 3142 postea
1150 3069 1251 3126 duabus

191 3151 316 3211 cannula,
340 3150 388 3202 ubi
408 3164 512 3204 senatus
532 3151 656 3204 convenit
674 3163 701 3202 et
742 3151 838 3204 litteris
852 3150 992 3204 maluerint
1012 3150 1180 3204 tribunitium
1202 3169 1251 3204 no·

193 3230 267 3298 quasi
279 3230 401 3282 excubias
414 3249 472 3283 auae
485 3231 550 3302 egit,
572 3229 657 3282 donec
672 3229 700 3282 in
744 3249 805 3283 men
824 3229 969 3302 designare.
990 3230 1033 3284 Sic
1047 3230 1118 3283 enim
1140 3231 1168 3282 in
1183 3243 1251 3284 nott.

194 3308 701 3382 curiamvocaretur:nnum,ubipoatee
744 3311 907 3363 Probit'l'll.
925 3310 1001 3363 CEL.
1020 3311 1121 3363 Tribuni
1131 3310 1251 3373 Celerum,

194 3387 247 3438 fuit
262 3385 329 3439 edes
343 3387 512 3454 Concordia
526 3391 654 3454 alterum,
668 3386 701 3441 ad
745 3403 771 3444 et
783 3390 844 3442 alibi
854 3407 861 3442 :
870 3389 927 3442 ΤΗ.
946 3389 1024 3442 AER.
1048 3389 1150 3442 Tribuni
1162 3394 1251 3443 aemii.

193 3477 299 3538 portem
320 3467 451 3538 Capenam
466 3489 474 3533 3
491 3469 613 3532 tertium,
636 3470 701 3522 citra
786 3469 870 3522 &ltu
882 3469 1251 3540 tribunos.l’igla.exvet.cod.

194 3543 279 3598 aedem
291 3545 414 3598 Bellona
744 3548 884 3621 legendum
903 3561 991 3603 censet
1006 3541 1168 3600 trafverum
1186 3549 1254 3601 anti·

238 3624 702 3692 1.1mmmurtamn0nucetacQu0d
746 3627 1254 3700 quiorestypiseapreaaiproitababent

192 3717 285 3778 postea
303 3715 434 3758 mutabam
456 3725 463 3759 ι
486 3725 548 3760 nam
567 3707 703 3760 Ciceronis
746 3708 798 3760 stu.
814 3709 854 3761 Ite
867 3727 947 3759 censeo
960 3719 998 3759 eet
1009 3707 1175 3760 usitatissima
1189 3710 1252 3760 alio·

193 3797 270 3840 aetate
284 3796 408 3856 poterent
425 3785 526 3838 tribuni
542 3787 643 3839 eudem
661 3787 704 3838 in·
747 3787 811 3858 quin
825 3787 947 3840 formula.

194 3877 273 3918 trare.
287 3865 446 3918 Tribunum
454 3866 526 3918 enirn
535 3885 596 3920 eum
607 3867 634 3918 in
647 3884 704 3918 mo·
789 3872 815 3930 4.
829 3867 944 3938 Imperiis.
955 3865 1027 3918 Dicit
1038 3869 1135 3938 imperia
1147 3885 1198 3938 pro
1208 3868 1255 3932 iia,

193 3943 260 3996 dum
268 3945 352 3998 crevit
366 3945 519 4007 auctoritas,
535 3957 565 3996 ut
575 3942 705 4016 quidquid
748 3947 795 4016 qni
805 3965 866 3999 curu
875 3945 989 4018 imperio
1000 3959 1069 3999 sunt.
1080 3977 1122 3989 -
1132 3947 1182 3998 Ea.
1193 3946 1254 3999 scit.

195 4035 300 4076 unctus
311 4022 483 4091 decrevisset,
498 4024 535 4078 ite
545 4023 652 4077 demum
661 4043 705 4077 ra·
748 4025 867 4097 imperia.
883 4025 926 4079 Sic
941 4025 1038 4079 rectius
1052 4025 1161 4098 legitur,
1177 4043 1257 4097 quam

195 4113 253 4154 tum
271 4103 430 4170 baberetur,
453 4104 475 4158 ei
492 4105 592 4158 tdbuni
608 4122 705 4176 apprc-
749 4125 796 4157 ece.
816 4137 856 4148 -
877 4107 992 4160 Aerulis.
1013 4106 1116 4160 Horum
1140 4123 1203 4160 usus
1225 4123 1256 4157 ex

196 4181 334 4238 baviam
345 4183 456 4238 Stabant
466 4201 528 4256 argo
537 4185 566 4238 in
574 4184 705 4240 turibulo
751 4183 1198 4258 Oriente,opincr,deductuaest.V.
1206 4184 1258 4236 Ge·
