<?xml version="1.0" encoding="UTF-8"?>
<!DOCTYPE html PUBLIC "-//W3C//DTD XHTML 1.0 Transitional//EN"
    "http://www.w3.org/TR/xhtml1/DTD/xhtml1-transitional.dtd">
<html xmlns="http://www.w3.org/1999/xhtml" xml:lang="en" lang="en">
 <head>
  <title>
</title>
<meta http-equiv="Content-Type" content="text/html;charset=utf-8" />
  <meta name='ocr-system' content='tesseract 3.04.00' />
  <meta name='ocr-capabilities' content='ocr_page ocr_carea ocr_par ocr_line ocrx_word'/>
</head>
<body>
  <div class='ocr_page' id='page_1' title='image "./valeriusmaximus01lykogoog_0378.png"; bbox 0 0 3190 5122; ppageno 0'>
   <div class='ocr_carea' id='block_1_1' title="bbox 429 481 1225 570">
    <p class='ocr_par' dir='ltr' id='par_1_1' title="bbox 429 481 1225 570">
     <span class='ocr_line' id='line_1_1' title="bbox 429 481 1225 570; baseline 0.001 -15"><span class='ocrx_word' id='word_1_1' title='bbox 429 487 538 555; x_wconf 86' lang='lat' dir='ltr'><strong>CAP.</strong></span> <span class='ocrx_word' id='word_1_2' title='bbox 566 485 624 570; x_wconf 86' lang='grc' dir='ltr'><strong>ΙΙ,</strong></span> <span class='ocrx_word' id='word_1_3' title='bbox 652 483 719 552; x_wconf 92' lang='lat' dir='ltr'><strong>DE</strong></span> <span class='ocrx_word' id='word_1_4' title='bbox 747 484 951 553; x_wconf 86' lang='lat' dir='ltr'><strong>GRATIS.</strong></span> <span class='ocrx_word' id='word_1_5' title='bbox 1150 481 1225 557; x_wconf 80' lang='grc'><strong>353</strong></span> 
     </span>
    </p>
   </div>
   <div class='ocr_carea' id='block_1_2' title="bbox 155 613 1239 2418">
    <p class='ocr_par' dir='ltr' id='par_1_2' title="bbox 155 613 1233 1563">
     <span class='ocr_line' id='line_1_2' title="bbox 155 613 1228 712; baseline -0.005 -19"><span class='ocrx_word' id='word_1_6' title='bbox 155 646 286 708; x_wconf 87' lang='lat' dir='ltr'><strong>amore,</strong></span> <span class='ocrx_word' id='word_1_7' title='bbox 309 634 376 688; x_wconf 88' lang='lat' dir='ltr'><strong>tam</strong></span> <span class='ocrx_word' id='word_1_8' title='bbox 398 617 524 688; x_wconf 88' lang='lat' dir='ltr'><strong>clarum</strong></span> <span class='ocrx_word' id='word_1_9' title='bbox 542 617 709 711; x_wconf 85' lang='lat' dir='ltr'><strong>lacrymis,</strong></span> <span class='ocrx_word' id='word_1_10' title='bbox 724 640 823 710; x_wconf 88' lang='lat' dir='ltr'><strong>quam</strong></span> <span class='ocrx_word' id='word_1_11' title='bbox 843 613 897 684; x_wconf 91' lang='lat' dir='ltr'><strong>alii</strong></span> <span class='ocrx_word' id='word_1_12' title='bbox 920 615 1082 703; x_wconf 85' lang='lat' dir='ltr'><strong>victoriis,</strong></span> <span class='ocrx_word' id='word_1_13' title='bbox 1103 641 1228 712; x_wconf 83' lang='lat' dir='ltr'><strong>cogno-</strong></span> 
     </span>
     <span class='ocr_line' id='line_1_3' title="bbox 155 721 1229 820; baseline -0.005 -22"><span class='ocrx_word' id='word_1_14' title='bbox 155 755 234 798; x_wconf 88' lang='lat' dir='ltr'><strong>men</strong></span> <span class='ocrx_word' id='word_1_15' title='bbox 250 741 460 820; x_wconf 82' lang='lat' dir='ltr'><strong>assequutus,</strong></span> <span class='ocrx_word' id='word_1_16' title='bbox 472 751 539 794; x_wconf 94' lang='lat' dir='ltr'><strong>non</strong></span> <span class='ocrx_word' id='word_1_17' title='bbox 558 723 721 792; x_wconf 88' lang='lat' dir='ltr'><strong>dubitavit</strong></span> <span class='ocrx_word' id='word_1_18' title='bbox 738 721 852 792; x_wconf 90' lang='lat' dir='ltr'><strong>consul</strong></span> <span class='ocrx_word' id='word_1_19' title='bbox 867 747 928 817; x_wconf 88' lang='lat' dir='ltr'><strong>pro</strong></span> <span class='ocrx_word' id='word_1_20' title='bbox 942 725 983 810; x_wconf 87' lang='lat' dir='ltr'><strong>Q.</strong></span> <span class='ocrx_word' id='word_1_21' title='bbox 1001 721 1131 791; x_wconf 80' lang='lat' dir='ltr'>Calidio</span> <span class='ocrx_word' id='word_1_22' title='bbox 1147 749 1229 818; x_wconf 77' lang='lat' dir='ltr'><strong>prae·</strong></span> 
     </span>
     <span class='ocr_line' id='line_1_4' title="bbox 156 828 1229 927; baseline -0.006 -21"><span class='ocrx_word' id='word_1_23' title='bbox 156 852 240 906; x_wconf 86' lang='lat' dir='ltr'><strong>turae</strong></span> <span class='ocrx_word' id='word_1_24' title='bbox 264 833 440 903; x_wconf 87' lang='lat' dir='ltr'><strong>candidato</strong></span> <span class='ocrx_word' id='word_1_25' title='bbox 462 831 646 927; x_wconf 88' lang='lat' dir='ltr'><strong>supplicare</strong></span> <span class='ocrx_word' id='word_1_26' title='bbox 668 828 810 924; x_wconf 91' lang='lat' dir='ltr'><strong>populo,</strong></span> <span class='ocrx_word' id='word_1_27' title='bbox 838 828 927 923; x_wconf 92' lang='lat' dir='ltr'><strong>quod</strong></span> <span class='ocrx_word' id='word_1_28' title='bbox 949 829 1100 898; x_wconf 90' lang='lat' dir='ltr'><strong>tribunus</strong></span> <span class='ocrx_word' id='word_1_29' title='bbox 1124 829 1229 924; x_wconf 86' lang='lat' dir='ltr'><strong>plebis</strong></span> 
     </span>
     <span class='ocr_line' id='line_1_5' title="bbox 156 935 1228 1038; baseline -0.006 -26"><span class='ocrx_word' id='word_1_30' title='bbox 156 943 282 1038; x_wconf 83' lang='lat' dir='ltr'><strong>legem,</strong></span> <span class='ocrx_word' id='word_1_31' title='bbox 304 966 368 1035; x_wconf 90' lang='lat' dir='ltr'><strong>qua</strong></span> <span class='ocrx_word' id='word_1_32' title='bbox 387 954 482 1036; x_wconf 87' lang='lat' dir='ltr'><strong>pater</strong></span> <span class='ocrx_word' id='word_1_33' title='bbox 502 939 572 1031; x_wconf 90' lang='lat' dir='ltr'><strong>ejus</strong></span> <span class='ocrx_word' id='word_1_34' title='bbox 591 939 625 1004; x_wconf 92' lang='lat' dir='ltr'><strong>in</strong></span> <span class='ocrx_word' id='word_1_35' title='bbox 645 937 809 1005; x_wconf 75' lang='lat' dir='ltr'><strong>civitatem</strong></span> <span class='ocrx_word' id='word_1_36' title='bbox 831 937 1074 1022; x_wconf 80' lang='lat' dir='ltr'><strong>restitueretur,</strong></span> <span class='ocrx_word' id='word_1_37' title='bbox 1097 935 1228 1006; x_wconf 85' lang='lat' dir='ltr'><strong>tulerat.</strong></span> 
     </span>
     <span class='ocr_line' id='line_1_6' title="bbox 158 1041 1232 1141; baseline -0.004 -23"><span class='ocrx_word' id='word_1_38' title='bbox 158 1050 366 1139; x_wconf 87' lang='lat' dir='ltr'><strong>Quinetiam</strong></span> <span class='ocrx_word' id='word_1_39' title='bbox 388 1060 565 1141; x_wconf 89' lang='lat' dir='ltr'><strong>patronum</strong></span> <span class='ocrx_word' id='word_1_40' title='bbox 584 1069 659 1112; x_wconf 91' lang='lat' dir='ltr'><strong>eum</strong></span> <span class='ocrx_word' id='word_1_41' title='bbox 676 1041 794 1111; x_wconf 90' lang='lat' dir='ltr'><strong>domus</strong></span> <span class='ocrx_word' id='word_1_42' title='bbox 813 1057 846 1110; x_wconf 92' lang='lat' dir='ltr'><strong>et</strong></span> <span class='ocrx_word' id='word_1_43' title='bbox 865 1041 995 1110; x_wconf 77' lang='lat' dir='ltr'><strong>familiae</strong></span> <span class='ocrx_word' id='word_1_44' title='bbox 1015 1067 1081 1111; x_wconf 84' lang='lat' dir='ltr'><strong>suae</strong></span> <span class='ocrx_word' id='word_1_45' title='bbox 1100 1067 1232 1138; x_wconf 76' lang='lat' dir='ltr'><strong>semper</strong></span> 
     </span>
     <span class='ocr_line' id='line_1_7' title="bbox 159 1148 1230 1244; baseline -0.007 -18"><span class='ocrx_word' id='word_1_46' title='bbox 159 1155 331 1226; x_wconf 82' lang='lat' dir='ltr'><strong>dictitavit.</strong></span> <span class='ocrx_word' id='word_1_47' title='bbox 348 1155 420 1222; x_wconf 90' lang='lat' dir='ltr'><strong>Nec</strong></span> <span class='ocrx_word' id='word_1_48' title='bbox 439 1153 502 1221; x_wconf 94' lang='lat' dir='ltr'><strong>hac</strong></span> <span class='ocrx_word' id='word_1_49' title='bbox 523 1177 558 1220; x_wconf 89' lang='lat' dir='ltr'><strong>re</strong></span> <span class='ocrx_word' id='word_1_50' title='bbox 576 1151 617 1220; x_wconf 88' lang='lat' dir='ltr'><strong>de</strong></span> <span class='ocrx_word' id='word_1_51' title='bbox 641 1151 846 1244; x_wconf 89' lang='lat' dir='ltr'><strong>principatu,</strong></span> <span class='ocrx_word' id='word_1_52' title='bbox 872 1174 968 1243; x_wconf 90' lang='lat' dir='ltr'><strong>quern</strong></span> <span class='ocrx_word' id='word_1_53' title='bbox 991 1148 1106 1243; x_wconf 92' lang='lat' dir='ltr'><strong>procul</strong></span> <span class='ocrx_word' id='word_1_54' title='bbox 1129 1151 1230 1220; x_wconf 93' lang='lat' dir='ltr'><strong>dubio</strong></span> 
     </span>
     <span class='ocr_line' id='line_1_8' title="bbox 160 1253 1231 1354; baseline -0.005 -23"><span class='ocrx_word' id='word_1_55' title='bbox 160 1262 346 1348; x_wconf 83' lang='lat' dir='ltr'><strong>obtinebat,</strong></span> <span class='ocrx_word' id='word_1_56' title='bbox 370 1259 548 1354; x_wconf 88' lang='lat' dir='ltr'><strong>quidquam</strong></span> <span class='ocrx_word' id='word_1_57' title='bbox 577 1253 782 1350; x_wconf 86' lang='lat' dir='ltr'><strong>decerpsit¹;</strong></span> <span class='ocrx_word' id='word_1_58' title='bbox 810 1257 886 1350; x_wconf 92' lang='lat' dir='ltr'><strong>quia</strong></span> <span class='ocrx_word' id='word_1_59' title='bbox 917 1281 984 1323; x_wconf 91' lang='lat' dir='ltr'><strong>non</strong></span> <span class='ocrx_word' id='word_1_60' title='bbox 1015 1254 1151 1344; x_wconf 88' lang='lat' dir='ltr'><strong>humili,</strong></span> <span class='ocrx_word' id='word_1_61' title='bbox 1173 1257 1231 1326; x_wconf 92' lang='lat' dir='ltr'><strong>sed</strong></span> 
     </span>
     <span class='ocr_line' id='line_1_9' title="bbox 162 1363 1233 1465; baseline -0.006 -27"><span class='ocrx_word' id='word_1_62' title='bbox 162 1385 258 1465; x_wconf 83' lang='lat' dir='ltr'><strong>grato</strong></span> <span class='ocrx_word' id='word_1_63' title='bbox 283 1368 416 1452; x_wconf 92' lang='lat' dir='ltr'><strong>animo,</strong></span> <span class='ocrx_word' id='word_1_64' title='bbox 448 1365 546 1459; x_wconf 82' lang='lat' dir='ltr'><strong>longe.</strong></span> <span class='ocrx_word' id='word_1_65' title='bbox 576 1363 738 1431; x_wconf 84' lang='lat' dir='ltr'><strong>inferioris</strong></span> <span class='ocrx_word' id='word_1_66' title='bbox 767 1363 910 1430; x_wconf 90' lang='lat' dir='ltr'><strong>hominis</strong></span> <span class='ocrx_word' id='word_1_67' title='bbox 937 1363 1083 1462; x_wconf 81' lang='lat' dir='ltr'><strong>maximo</strong></span> <span class='ocrx_word' id='word_1_68' title='bbox 1115 1367 1233 1432; x_wconf 86' lang='lat' dir='ltr'><strong>merito</strong></span> 
     </span>
     <span class='ocr_line' id='line_1_10' title="bbox 162 1469 772 1563; baseline -0.018 -18"><span class='ocrx_word' id='word_1_69' title='bbox 162 1477 314 1544; x_wconf 80' lang='lat' dir='ltr'><strong>eximiam</strong></span> <span class='ocrx_word' id='word_1_70' title='bbox 333 1472 549 1543; x_wconf 88' lang='lat' dir='ltr'><strong>submittebat</strong></span> <span class='ocrx_word' id='word_1_71' title='bbox 566 1469 772 1563; x_wconf 83' lang='lat' dir='ltr'><strong>dignitatern.</strong></span> 
     </span>
    </p>

    <p class='ocr_par' dir='ltr' id='par_1_3' title="bbox 164 1571 1239 2418">
     <span class='ocr_line' id='line_1_11' title="bbox 219 1571 1235 1672; baseline -0.007 -21"><span class='ocrx_word' id='word_1_72' title='bbox 219 1582 252 1652; x_wconf 89' lang='lat'><strong>8.</strong></span> <span class='ocrx_word' id='word_1_73' title='bbox 277 1585 351 1650; x_wconf 87' lang='lat' dir='ltr'><strong>Jam</strong></span> <span class='ocrx_word' id='word_1_74' title='bbox 374 1582 412 1648; x_wconf 91' lang='lat' dir='ltr'><strong>C.</strong></span> <span class='ocrx_word' id='word_1_75' title='bbox 435 1577 566 1672; x_wconf 87' lang='lat' dir='ltr'><strong>quidem</strong></span> <span class='ocrx_word' id='word_1_76' title='bbox 591 1571 705 1642; x_wconf 65' lang='lat' dir='ltr'><strong>Mari?</strong></span> <span class='ocrx_word' id='word_1_77' title='bbox 732 1599 799 1642; x_wconf 93' lang='lat' dir='ltr'><strong>non</strong></span> <span class='ocrx_word' id='word_1_78' title='bbox 817 1572 923 1642; x_wconf 91' lang='lat' dir='ltr'><strong>solum</strong></span> <span class='ocrx_word' id='word_1_79' title='bbox 946 1576 1150 1669; x_wconf 84' lang='lat' dir='ltr'><strong>proecipuus,</strong></span> <span class='ocrx_word' id='word_1_80' title='bbox 1177 1575 1235 1644; x_wconf 91' lang='lat' dir='ltr'><strong>sed</strong></span> 
     </span>
     <span class='ocr_line' id='line_1_12' title="bbox 164 1681 1236 1780; baseline -0.007 -23"><span class='ocrx_word' id='word_1_81' title='bbox 164 1689 264 1758; x_wconf 90' lang='lat' dir='ltr'><strong>etiam</strong></span> <span class='ocrx_word' id='word_1_82' title='bbox 291 1699 477 1780; x_wconf 85' lang='lat' dir='ltr'><strong>praepotens</strong></span> <span class='ocrx_word' id='word_1_83' title='bbox 505 1696 606 1776; x_wconf 79' lang='lat' dir='ltr'><strong>gratae</strong></span> <span class='ocrx_word' id='word_1_84' title='bbox 629 1683 746 1750; x_wconf 87' lang='lat' dir='ltr'><strong>mentis</strong></span> <span class='ocrx_word' id='word_1_85' title='bbox 772 1681 834 1749; x_wconf 88' lang='lat' dir='ltr'><strong>fuit</strong></span> <span class='ocrx_word' id='word_1_86' title='bbox 854 1683 1016 1774; x_wconf 85' lang='lat' dir='ltr'><strong>impetus;</strong></span> <span class='ocrx_word' id='word_1_87' title='bbox 1043 1681 1125 1750; x_wconf 91' lang='lat' dir='ltr'><strong>duas</strong></span> <span class='ocrx_word' id='word_1_88' title='bbox 1148 1684 1236 1750; x_wconf 89' lang='lat' dir='ltr'><strong>enim</strong></span> 
     </span>
     <span class='ocr_line' id='line_1_13' title="bbox 165 1775 1239 1873; baseline -0.007 -9"><span class='ocrx_word' id='word_1_89' title='bbox 165 1775 388 1864; x_wconf 83' lang='lat' dir='ltr'><strong>Camertium³</strong></span> <span class='ocrx_word' id='word_1_90' title='bbox 404 1791 575 1873; x_wconf 85' lang='lat' dir='ltr'><strong>cohortes,</strong></span> <span class='ocrx_word' id='word_1_91' title='bbox 595 1789 677 1856; x_wconf 87' lang='lat' dir='ltr'><strong>mira</strong></span> <span class='ocrx_word' id='word_1_92' title='bbox 699 1789 819 1854; x_wconf 90' lang='lat' dir='ltr'><strong>virtute</strong></span> <span class='ocrx_word' id='word_1_93' title='bbox 834 1789 900 1854; x_wconf 90' lang='lat' dir='ltr'><strong>virn</strong></span> <span class='ocrx_word' id='word_1_94' title='bbox 916 1789 1128 1856; x_wconf 87' lang='lat' dir='ltr'><strong>Cimbrorum</strong></span> <span class='ocrx_word' id='word_1_95' title='bbox 1146 1789 1239 1856; x_wconf 91' lang='lat' dir='ltr'><strong>susti·</strong></span> 
     </span>
     <span class='ocr_line' id='line_1_14' title="bbox 166 1893 1238 1990; baseline -0.006 -20"><span class='ocrx_word' id='word_1_96' title='bbox 166 1914 299 1982; x_wconf 89' lang='lat' dir='ltr'><strong>nentes,</strong></span> <span class='ocrx_word' id='word_1_97' title='bbox 315 1900 347 1964; x_wconf 91' lang='lat' dir='ltr'><strong>in</strong></span> <span class='ocrx_word' id='word_1_98' title='bbox 362 1898 432 1990; x_wconf 88' lang='lat' dir='ltr'><strong>ipsa</strong></span> <span class='ocrx_word' id='word_1_99' title='bbox 445 1899 530 1980; x_wconf 87' lang='lat' dir='ltr'><strong>acie,</strong></span> <span class='ocrx_word' id='word_1_100' title='bbox 549 1894 706 1962; x_wconf 85' lang='lat' dir='ltr'><strong>adversus</strong></span> <span class='ocrx_word' id='word_1_101' title='bbox 721 1893 942 1961; x_wconf 89' lang='lat' dir='ltr'><strong>conditionem</strong></span> <span class='ocrx_word' id='word_1_102' title='bbox 959 1893 1090 1962; x_wconf 82' lang='lat' dir='ltr'><strong>foederis</strong></span> <span class='ocrx_word' id='word_1_103' title='bbox 1106 1895 1238 1964; x_wconf 86' lang='lat' dir='ltr'><strong>civitate</strong></span> 
     </span>
     <span class='ocr_line' id='line_1_15' title="bbox 168 1999 1237 2096; baseline -0.004 -22"><span class='ocrx_word' id='word_1_104' title='bbox 168 2006 323 2074; x_wconf 90' lang='lat' dir='ltr'><strong>donavit:</strong></span> <span class='ocrx_word' id='word_1_105' title='bbox 335 2002 424 2096; x_wconf 92' lang='lat' dir='ltr'><strong>quod</strong></span> <span class='ocrx_word' id='word_1_106' title='bbox 437 2002 569 2096; x_wconf 88' lang='lat' dir='ltr'><strong>quidem</strong></span> <span class='ocrx_word' id='word_1_107' title='bbox 586 1999 709 2068; x_wconf 85' lang='lat' dir='ltr'><strong>facturn</strong></span> <span class='ocrx_word' id='word_1_108' title='bbox 722 2013 755 2066; x_wconf 89' lang='lat' dir='ltr'><strong>et</strong></span> <span class='ocrx_word' id='word_1_109' title='bbox 770 2023 848 2066; x_wconf 89' lang='lat' dir='ltr'><strong>vere</strong></span> <span class='ocrx_word' id='word_1_110' title='bbox 861 2013 894 2066; x_wconf 90' lang='lat' dir='ltr'><strong>et</strong></span> <span class='ocrx_word' id='word_1_111' title='bbox 908 2000 1039 2094; x_wconf 76' lang='lat' dir='ltr'><strong>egregie</strong></span> <span class='ocrx_word' id='word_1_112' title='bbox 1054 2003 1237 2089; x_wconf 84' lang='lat' dir='ltr'><strong>excusavit,</strong></span> 
     </span>
     <span class='ocr_line' id='line_1_16' title="bbox 169 2104 1239 2200; baseline -0.005 -20"><span class='ocrx_word' id='word_1_113' title='bbox 169 2109 328 2196; x_wconf 88' lang='lat' dir='ltr'><strong>dicendo,</strong></span> <span class='ocrx_word' id='word_1_114' title='bbox 348 2115 437 2178; x_wconf 78' lang='lat' dir='ltr'><strong>inter</strong></span> <span class='ocrx_word' id='word_1_115' title='bbox 453 2130 624 2176; x_wconf 71' lang='lat' dir='ltr'><strong>aratrorum</strong></span> <span class='ocrx_word' id='word_1_116' title='bbox 643 2109 818 2200; x_wconf 79' lang='lat' dir='ltr'><strong>strepitum</strong></span> <span class='ocrx_word' id='word_1_117' title='bbox 843 2104 951 2172; x_wconf 80' lang='lat' dir='ltr'><strong>verba</strong></span> <span class='ocrx_word' id='word_1_118' title='bbox 972 2129 1010 2174; x_wconf 85' lang='lat' dir='ltr'><strong>se</strong></span> <span class='ocrx_word' id='word_1_119' title='bbox 1021 2105 1114 2197; x_wconf 85' lang='lat' dir='ltr'><strong>Jitrs&#39;s</strong></span> <span class='ocrx_word' id='word_1_120' title='bbox 1134 2107 1239 2176; x_wconf 67' lang='lat' dir='ltr'><strong>ethites</strong></span> 
     </span>
     <span class='ocr_line' id='line_1_17' title="bbox 170 2198 1238 2310; baseline -0.006 -22"><span class='ocrx_word' id='word_1_121' title='bbox 170 2217 337 2288; x_wconf 78' lang='lat' dir='ltr'><strong>exaudire</strong></span> <span class='ocrx_word' id='word_1_122' title='bbox 350 2219 599 2310; x_wconf 70' lang='lat' dir='ltr'><strong>nonpotuisse3</strong></span> <span class='ocrx_word' id='word_1_123' title='bbox 616 2225 648 2279; x_wconf 90' lang='lat' dir='ltr'><strong>et</strong></span> <span class='ocrx_word' id='word_1_124' title='bbox 668 2236 746 2279; x_wconf 90' lang='lat' dir='ltr'><strong>sane</strong></span> <span class='ocrx_word' id='word_1_125' title='bbox 763 2210 793 2278; x_wconf 95' lang='lat' dir='ltr'><strong>id</strong></span> <span class='ocrx_word' id='word_1_126' title='bbox 811 2225 940 2304; x_wconf 90' lang='lat' dir='ltr'><strong>tempus</strong></span> <span class='ocrx_word' id='word_1_127' title='bbox 956 2198 1053 2281; x_wconf 70' lang='lat' dir='ltr'><strong>tunc⁴</strong></span> <span class='ocrx_word' id='word_1_128' title='bbox 1068 2227 1156 2302; x_wconf 91' lang='lat' dir='ltr'><strong>erat,</strong></span> <span class='ocrx_word' id='word_1_129' title='bbox 1172 2238 1238 2308; x_wconf 92' lang='lat' dir='ltr'><strong>quo</strong></span> 
     </span>
     <span class='ocr_line' id='line_1_18' title="bbox 173 2314 1099 2418; baseline -0.009 -24"><span class='ocrx_word' id='word_1_130' title='bbox 173 2325 278 2418; x_wconf 85' lang='lat' dir='ltr'><strong>magis</strong></span> <span class='ocrx_word' id='word_1_131' title='bbox 294 2321 485 2408; x_wconf 85' lang='lat' dir='ltr'><strong>defendere,</strong></span> <span class='ocrx_word' id='word_1_132' title='bbox 507 2343 607 2414; x_wconf 89' lang='lat' dir='ltr'><strong>quam</strong></span> <span class='ocrx_word' id='word_1_133' title='bbox 629 2317 743 2386; x_wconf 85' lang='lat' dir='ltr'><strong>audire.</strong></span> <span class='ocrx_word' id='word_1_134' title='bbox 761 2316 848 2412; x_wconf 82' lang='lat' dir='ltr'><strong>leges</strong></span> <span class='ocrx_word' id='word_1_135' title='bbox 862 2314 1046 2412; x_wconf 89' lang='lat' dir='ltr'><strong>oportebat.</strong></span> <span class='ocrx_word' id='word_1_136' title='bbox 1095 2401 1099 2410; x_wconf 25' lang='grc' dir='ltr'>ι</span> 
     </span>
    </p>
   </div>
   <div class='ocr_carea' id='block_1_3' title="bbox 173 2511 1248 4181">
    <p class='ocr_par' dir='ltr' id='par_1_4' title="bbox 173 2511 1241 3466">
     <span class='ocr_line' id='line_1_19' title="bbox 174 2511 1235 2583; baseline -0.003 -14"><span class='ocrx_word' id='word_1_137' title='bbox 174 2517 221 2582; x_wconf 88' lang='lat' dir='ltr'><strong>ll,</strong></span> <span class='ocrx_word' id='word_1_138' title='bbox 243 2517 293 2580; x_wconf 72' lang='lat'><strong>153</strong></span> <span class='ocrx_word' id='word_1_139' title='bbox 316 2513 404 2568; x_wconf 74' lang='lat' dir='ltr'><strong>horel.</strong></span> <span class='ocrx_word' id='word_1_140' title='bbox 419 2515 488 2566; x_wconf 89' lang='lat' dir='ltr'><strong>Vict.</strong></span> <span class='ocrx_word' id='word_1_141' title='bbox 505 2513 553 2566; x_wconf 80' lang='lat'><strong>63.</strong></span> <span class='ocrx_word' id='word_1_142' title='bbox 566 2541 606 2554; x_wconf 86' lang='lat'>-</span> <span class='ocrx_word' id='word_1_143' title='bbox 621 2513 682 2564; x_wconf 83' lang='lat' dir='ltr'><strong>Tam</strong></span> <span class='ocrx_word' id='word_1_144' title='bbox 726 2515 765 2564; x_wconf 80' lang='lat' dir='ltr'><strong>sit.</strong></span> <span class='ocrx_word' id='word_1_145' title='bbox 779 2511 887 2564; x_wconf 86' lang='lat' dir='ltr'><strong>Frustra</strong></span> <span class='ocrx_word' id='word_1_146' title='bbox 895 2511 1000 2583; x_wconf 87' lang='lat' dir='ltr'><strong>Lipsius</strong></span> <span class='ocrx_word' id='word_1_147' title='bbox 1009 2513 1102 2565; x_wconf 87' lang='lat' dir='ltr'><strong>maluit</strong></span> <span class='ocrx_word' id='word_1_148' title='bbox 1115 2512 1235 2566; x_wconf 65' lang='lat' dir='ltr'><strong>adsensit.</strong></span> 
     </span>
     <span class='ocr_line' id='line_1_20' title="bbox 173 2589 1237 2668; baseline -0.001 -20"><span class='ocrx_word' id='word_1_149' title='bbox 173 2597 264 2648; x_wconf 83' lang='lat' dir='ltr'><strong>elurrun</strong></span> <span class='ocrx_word' id='word_1_150' title='bbox 277 2595 504 2668; x_wconf 76' lang='lat' dir='ltr'><strong>lucrymis.Patris,</strong></span> <span class='ocrx_word' id='word_1_151' title='bbox 514 2591 612 2645; x_wconf 81' lang='lat' dir='ltr'><strong>Metelli</strong></span> <span class='ocrx_word' id='word_1_152' title='bbox 626 2593 682 2644; x_wconf 89' lang='lat' dir='ltr'><strong>Nu·</strong></span> <span class='ocrx_word' id='word_1_153' title='bbox 727 2589 1119 2665; x_wconf 78' lang='lat' dir='ltr'><strong>Sednihilmutandum.quum</strong></span> <span class='ocrx_word' id='word_1_154' title='bbox 1129 2595 1237 2665; x_wconf 65' lang='lat' dir='ltr'><strong>optime</strong></span> 
     </span>
     <span class='ocr_line' id='line_1_21' title="bbox 174 2671 1236 2746; baseline -0.002 -17"><span class='ocrx_word' id='word_1_155' title='bbox 174 2675 265 2730; x_wconf 87' lang='lat' dir='ltr'><strong>midici</strong></span> <span class='ocrx_word' id='word_1_156' title='bbox 289 2695 337 2746; x_wconf 87' lang='lat' dir='ltr'><strong>per</strong></span> <span class='ocrx_word' id='word_1_157' title='bbox 361 2675 485 2746; x_wconf 83' lang='lat' dir='ltr'><strong>iujuriam</strong></span> <span class='ocrx_word' id='word_1_158' title='bbox 508 2675 535 2726; x_wconf 92' lang='lat' dir='ltr'><strong>in</strong></span> <span class='ocrx_word' id='word_1_159' title='bbox 563 2672 683 2724; x_wconf 81' lang='lat' dir='ltr'><strong>exsilium</strong></span> <span class='ocrx_word' id='word_1_160' title='bbox 726 2685 796 2724; x_wconf 84' lang='lat' dir='ltr'><strong>notas</strong></span> <span class='ocrx_word' id='word_1_161' title='bbox 808 2672 950 2743; x_wconf 85' lang='lat' dir='ltr'><strong>scriptores</strong></span> <span class='ocrx_word' id='word_1_162' title='bbox 966 2671 999 2724; x_wconf 91' lang='lat' dir='ltr'><strong>ad</strong></span> <span class='ocrx_word' id='word_1_163' title='bbox 1009 2675 1236 2727; x_wconf 83' lang='lat' dir='ltr'><strong>norsnamValerii</strong></span> 
     </span>
     <span class='ocr_line' id='line_1_22' title="bbox 175 2751 1235 2828; baseline -0.003 -20"><span class='ocrx_word' id='word_1_164' title='bbox 175 2757 258 2828; x_wconf 87' lang='lat' dir='ltr'><strong>pulsi,</strong></span> <span class='ocrx_word' id='word_1_165' title='bbox 271 2754 385 2809; x_wconf 82' lang='lat' dir='ltr'><strong>reditum</strong></span> <span class='ocrx_word' id='word_1_166' title='bbox 407 2753 543 2806; x_wconf 83' lang='lat' dir='ltr'><strong>continuis</strong></span> <span class='ocrx_word' id='word_1_167' title='bbox 559 2751 683 2822; x_wconf 79' lang='lat' dir='ltr'><strong>lacrymis</strong></span> <span class='ocrx_word' id='word_1_168' title='bbox 727 2752 880 2822; x_wconf 85' lang='lat' dir='ltr'><strong>loquantur.</strong></span> <span class='ocrx_word' id='word_1_169' title='bbox 890 2752 934 2804; x_wconf 88' lang='lat' dir='ltr'><strong>Sic</strong></span> <span class='ocrx_word' id='word_1_170' title='bbox 944 2753 999 2805; x_wconf 88' lang='lat' dir='ltr'><strong>Cic.</strong></span> <span class='ocrx_word' id='word_1_171' title='bbox 1014 2751 1048 2805; x_wconf 90' lang='lat' dir='ltr'><strong>de</strong></span> <span class='ocrx_word' id='word_1_172' title='bbox 1058 2754 1132 2806; x_wconf 87' lang='lat' dir='ltr'><strong>Orat.</strong></span> <span class='ocrx_word' id='word_1_173' title='bbox 1143 2773 1166 2806; x_wconf 88' lang='lat' dir='ltr'><strong>c.</strong></span> <span class='ocrx_word' id='word_1_174' title='bbox 1179 2755 1214 2808; x_wconf 82' lang='lat'><strong>56</strong></span> <span class='ocrx_word' id='word_1_175' title='bbox 1227 2772 1235 2805; x_wconf 90' lang='lat'>:</span> 
     </span>
     <span class='ocr_line' id='line_1_23' title="bbox 175 2829 1235 2907; baseline -0.005 -18"><span class='ocrx_word' id='word_1_176' title='bbox 175 2849 202 2889; x_wconf 90' lang='lat' dir='ltr'><strong>et</strong></span> <span class='ocrx_word' id='word_1_177' title='bbox 214 2837 336 2907; x_wconf 81' lang='lat' dir='ltr'><strong>precibus</strong></span> <span class='ocrx_word' id='word_1_178' title='bbox 353 2831 524 2906; x_wconf 73' lang='lat' dir='ltr'><strong>efflagitando</strong></span> <span class='ocrx_word' id='word_1_179' title='bbox 537 2849 683 2902; x_wconf 76' lang='lat' dir='ltr'><strong>cognomen</strong></span> <span class='ocrx_word' id='word_1_180' title='bbox 727 2851 756 2882; x_wconf 87' lang='lat' dir='ltr'><strong>ne</strong></span> <span class='ocrx_word' id='word_1_181' title='bbox 767 2831 828 2903; x_wconf 77' lang='lat' dir='ltr'><strong>quid</strong></span> <span class='ocrx_word' id='word_1_182' title='bbox 832 2835 903 2900; x_wconf 77' lang='lat' dir='ltr'><strong>jocus</strong></span> <span class='ocrx_word' id='word_1_183' title='bbox 914 2829 944 2882; x_wconf 81' lang='lat' dir='ltr'><strong>de</strong></span> <span class='ocrx_word' id='word_1_184' title='bbox 956 2836 1076 2901; x_wconf 75' lang='lat' dir='ltr'><strong>gravitate</strong></span> <span class='ocrx_word' id='word_1_185' title='bbox 1089 2833 1235 2904; x_wconf 81' lang='lat' dir='ltr'><strong>decerperet,</strong></span> 
     </span>
     <span class='ocr_line' id='line_1_24' title="bbox 176 2909 1237 2981; baseline -0.003 -13"><span class='ocrx_word' id='word_1_186' title='bbox 176 2918 220 2968; x_wconf 82' lang='lat' dir='ltr'><strong>Pii</strong></span> <span class='ocrx_word' id='word_1_187' title='bbox 232 2917 340 2968; x_wconf 88' lang='lat' dir='ltr'><strong>sortitus</strong></span> <span class='ocrx_word' id='word_1_188' title='bbox 352 2928 399 2968; x_wconf 89' lang='lat' dir='ltr'><strong>est.</strong></span> <span class='ocrx_word' id='word_1_189' title='bbox 408 2947 447 2956; x_wconf 90' lang='lat'><em>-</em></span> <span class='ocrx_word' id='word_1_190' title='bbox 461 2915 541 2981; x_wconf 74' lang='lat' dir='ltr'><strong>(trium</strong></span> <span class='ocrx_word' id='word_1_191' title='bbox 554 2914 598 2962; x_wconf 75' lang='lat' dir='ltr'><strong>atti</strong></span> <span class='ocrx_word' id='word_1_192' title='bbox 611 2915 686 2962; x_wconf 77' lang='lat' dir='ltr'><strong>victo·</strong></span> <span class='ocrx_word' id='word_1_193' title='bbox 729 2909 757 2963; x_wconf 88' lang='lat' dir='ltr'><strong>id</strong></span> <span class='ocrx_word' id='word_1_194' title='bbox 771 2925 823 2972; x_wconf 81' lang='lat' dir='ltr'><strong>est,</strong></span> <span class='ocrx_word' id='word_1_195' title='bbox 838 2911 1006 2964; x_wconf 86' lang='lat' dir='ltr'><strong>imminueret</strong></span> <span class='ocrx_word' id='word_1_196' title='bbox 1021 2931 1065 2965; x_wconf 92' lang='lat' dir='ltr'><strong>seu</strong></span> <span class='ocrx_word' id='word_1_197' title='bbox 1078 2911 1237 2966; x_wconf 89' lang='lat' dir='ltr'><strong>detraheret.</strong></span> 
     </span>
     <span class='ocr_line' id='line_1_25' title="bbox 177 2991 1236 3066; baseline -0.003 -19"><span class='ocrx_word' id='word_1_198' title='bbox 177 2999 228 3048; x_wconf 82' lang='lat' dir='ltr'><strong>rs&#39;r&#39;s.</strong></span> <span class='ocrx_word' id='word_1_199' title='bbox 238 2993 685 3066; x_wconf 76' lang='lat' dir='ltr'><strong>Siclegendum3neutiquamqrram</strong></span> <span class='ocrx_word' id='word_1_200' title='bbox 772 3009 797 3042; x_wconf 80' lang='lat' dir='ltr'><strong>a.</strong></span> <span class='ocrx_word' id='word_1_201' title='bbox 814 2991 871 3042; x_wconf 83' lang='lat' dir='ltr'><strong>lam</strong></span> <span class='ocrx_word' id='word_1_202' title='bbox 886 2991 915 3044; x_wconf 89' lang='lat' dir='ltr'><strong>C.</strong></span> <span class='ocrx_word' id='word_1_203' title='bbox 934 2993 1026 3061; x_wconf 80' lang='lat' dir='ltr'><strong>quidem</strong></span> <span class='ocrx_word' id='word_1_204' title='bbox 1040 2992 1123 3044; x_wconf 78' lang='lat' dir='ltr'><strong>Marii.</strong></span> <span class='ocrx_word' id='word_1_205' title='bbox 1141 2995 1188 3045; x_wconf 79' lang='lat' dir='ltr'><strong>Aa.</strong></span> <span class='ocrx_word' id='word_1_206' title='bbox 1201 2993 1236 3044; x_wconf 89' lang='lat' dir='ltr'><strong>U.</strong></span> 
     </span>
     <span class='ocr_line' id='line_1_26' title="bbox 177 3071 1239 3144; baseline -0.003 -17"><span class='ocrx_word' id='word_1_207' title='bbox 177 3077 233 3127; x_wconf 76' lang='lat' dir='ltr'><strong>aliis</strong></span> <span class='ocrx_word' id='word_1_208' title='bbox 255 3078 377 3135; x_wconf 75' lang='lat' dir='ltr'><strong>victoriis,</strong></span> <span class='ocrx_word' id='word_1_209' title='bbox 396 3072 468 3144; x_wconf 92' lang='lat' dir='ltr'><strong>quod</strong></span> <span class='ocrx_word' id='word_1_210' title='bbox 488 3087 587 3144; x_wconf 85' lang='lat' dir='ltr'><strong>septem</strong></span> <span class='ocrx_word' id='word_1_211' title='bbox 609 3071 685 3124; x_wconf 82' lang='lat' dir='ltr'><strong>MSS.</strong></span> <span class='ocrx_word' id='word_1_212' title='bbox 731 3072 798 3124; x_wconf 79' lang='lat'><strong>651.</strong></span> <span class='ocrx_word' id='word_1_213' title='bbox 816 3071 872 3124; x_wconf 85' lang='lat' dir='ltr'><strong>Cio.</strong></span> <span class='ocrx_word' id='word_1_214' title='bbox 894 3089 944 3142; x_wconf 88' lang='lat' dir='ltr'><strong>pro</strong></span> <span class='ocrx_word' id='word_1_215' title='bbox 960 3073 1033 3124; x_wconf 88' lang='lat' dir='ltr'><strong>Balb.</strong></span> <span class='ocrx_word' id='word_1_216' title='bbox 1050 3089 1073 3124; x_wconf 84' lang='lat' dir='ltr'><strong>e.</strong></span> <span class='ocrx_word' id='word_1_217' title='bbox 1093 3091 1138 3125; x_wconf 84' lang='lat' dir='ltr'><strong>so.</strong></span> <span class='ocrx_word' id='word_1_218' title='bbox 1152 3073 1239 3143; x_wconf 83' lang='lat' dir='ltr'><strong>Major</strong></span> 
     </span>
     <span class='ocr_line' id='line_1_27' title="bbox 178 3151 1239 3222; baseline -0.002 -15"><span class='ocrx_word' id='word_1_219' title='bbox 178 3151 686 3222; x_wconf 78' lang='lat' dir='ltr'><strong>cumedlllog.habent.-().Cuh&#39;dr&#39;o.</strong></span> <span class='ocrx_word' id='word_1_220' title='bbox 730 3151 806 3203; x_wconf 85' lang='lat' dir='ltr'><strong>MSS.</strong></span> <span class='ocrx_word' id='word_1_221' title='bbox 826 3169 886 3222; x_wconf 88' lang='lat' dir='ltr'><strong>pars</strong></span> <span class='ocrx_word' id='word_1_222' title='bbox 906 3169 956 3222; x_wconf 90' lang='lat' dir='ltr'><strong>pro</strong></span> <span class='ocrx_word' id='word_1_223' title='bbox 968 3156 1022 3222; x_wconf 81' lang='lat' dir='ltr'><strong>jam</strong></span> <span class='ocrx_word' id='word_1_224' title='bbox 1045 3152 1154 3204; x_wconf 82' lang='lat' dir='ltr'><strong>exhibet</strong></span> <span class='ocrx_word' id='word_1_225' title='bbox 1174 3169 1239 3205; x_wconf 81' lang='lat' dir='ltr'><strong>nam.</strong></span> 
     </span>
     <span class='ocr_line' id='line_1_28' title="bbox 179 3231 1241 3302; baseline -0.004 -14"><span class='ocrx_word' id='word_1_226' title='bbox 179 3233 278 3288; x_wconf 81' lang='lat' dir='ltr'><strong>Passim</strong></span> <span class='ocrx_word' id='word_1_227' title='bbox 303 3232 418 3284; x_wconf 68' lang='lat' dir='ltr'><strong>castitia.</strong></span> <span class='ocrx_word' id='word_1_228' title='bbox 434 3264 474 3274; x_wconf 92' lang='lat'><em>-</em></span> <span class='ocrx_word' id='word_1_229' title='bbox 495 3235 614 3284; x_wconf 77' lang='lat' dir='ltr'><strong>Prceturoe</strong></span> <span class='ocrx_word' id='word_1_230' title='bbox 629 3249 687 3280; x_wconf 79' lang='lat' dir='ltr'><strong>can·</strong></span> <span class='ocrx_word' id='word_1_231' title='bbox 731 3231 895 3283; x_wconf 79' lang='lat' dir='ltr'><strong>Praetulerim</strong></span> <span class='ocrx_word' id='word_1_232' title='bbox 903 3249 970 3300; x_wconf 76' lang='lat' dir='ltr'><strong>pam,</strong></span> <span class='ocrx_word' id='word_1_233' title='bbox 984 3231 1046 3302; x_wconf 86' lang='lat' dir='ltr'><strong>quia</strong></span> <span class='ocrx_word' id='word_1_234' title='bbox 1061 3233 1163 3302; x_wconf 77' lang='lat' dir='ltr'><strong>elegans</strong></span> <span class='ocrx_word' id='word_1_235' title='bbox 1176 3251 1241 3285; x_wconf 91' lang='lat' dir='ltr'><strong>con·</strong></span> 
     </span>
     <span class='ocr_line' id='line_1_29' title="bbox 179 3309 1240 3382; baseline -0.003 -16"><span class='ocrx_word' id='word_1_236' title='bbox 179 3314 272 3366; x_wconf 74' lang='lat' dir='ltr'><strong>diduto.</strong></span> <span class='ocrx_word' id='word_1_237' title='bbox 291 3313 335 3364; x_wconf 87' lang='lat' dir='ltr'><strong>Sic</strong></span> <span class='ocrx_word' id='word_1_238' title='bbox 352 3311 459 3381; x_wconf 77' lang='lat' dir='ltr'><strong>Pighius</strong></span> <span class='ocrx_word' id='word_1_239' title='bbox 480 3329 510 3363; x_wconf 83' lang='lat' dir='ltr'><strong>es</strong></span> <span class='ocrx_word' id='word_1_240' title='bbox 530 3309 588 3362; x_wconf 92' lang='lat' dir='ltr'><strong>cod.</strong></span> <span class='ocrx_word' id='word_1_241' title='bbox 610 3311 688 3362; x_wconf 88' lang='lat' dir='ltr'><strong>Cam·</strong></span> <span class='ocrx_word' id='word_1_242' title='bbox 731 3309 853 3363; x_wconf 85' lang='lat' dir='ltr'><strong>nectendi</strong></span> <span class='ocrx_word' id='word_1_243' title='bbox 868 3311 1064 3382; x_wconf 74' lang='lat' dir='ltr'><strong>particulam,</strong></span> <span class='ocrx_word' id='word_1_244' title='bbox 1079 3329 1131 3382; x_wconf 86' lang='lat' dir='ltr'><strong>qua</strong></span> <span class='ocrx_word' id='word_1_245' title='bbox 1145 3312 1240 3367; x_wconf 86' lang='lat' dir='ltr'><strong>Noster</strong></span> 
     </span>
     <span class='ocr_line' id='line_1_30' title="bbox 179 3387 993 3466; baseline -0.001 -21"><span class='ocrx_word' id='word_1_246' title='bbox 179 3387 689 3466; x_wconf 82' lang='lat' dir='ltr'><strong>pensiedidit.Ceterioodd.MSS.cum</strong></span> <span class='ocrx_word' id='word_1_247' title='bbox 733 3391 887 3462; x_wconf 83' lang='lat' dir='ltr'><strong>saepiuscule</strong></span> <span class='ocrx_word' id='word_1_248' title='bbox 901 3392 993 3444; x_wconf 88' lang='lat' dir='ltr'><strong>utitur.</strong></span> 
     </span>
    </p>

    <p class='ocr_par' dir='ltr' id='par_1_5' title="bbox 180 3469 1248 4105">
     <span class='ocr_line' id='line_1_31' title="bbox 180 3469 1243 3542; baseline -0.004 -16"><span class='ocrx_word' id='word_1_249' title='bbox 180 3473 305 3526; x_wconf 88' lang='lat' dir='ltr'><strong>omnibus</strong></span> <span class='ocrx_word' id='word_1_250' title='bbox 319 3469 380 3523; x_wconf 89' lang='lat' dir='ltr'><strong>edd.</strong></span> <span class='ocrx_word' id='word_1_251' title='bbox 400 3471 497 3522; x_wconf 84' lang='lat' dir='ltr'><strong>hahent</strong></span> <span class='ocrx_word' id='word_1_252' title='bbox 510 3481 614 3539; x_wconf 68' lang='lat' dir='ltr'><strong>pretore</strong></span> <span class='ocrx_word' id='word_1_253' title='bbox 632 3488 689 3520; x_wconf 77' lang='lat' dir='ltr'><strong>aas·</strong></span> <span class='ocrx_word' id='word_1_254' title='bbox 775 3471 800 3522; x_wconf 82' lang='lat'><strong>3.</strong></span> <span class='ocrx_word' id='word_1_255' title='bbox 815 3470 966 3522; x_wconf 76' lang='lat' dir='ltr'><strong>Camertium.</strong></span> <span class='ocrx_word' id='word_1_256' title='bbox 983 3471 1117 3523; x_wconf 83' lang='lat' dir='ltr'><strong>Camertes</strong></span> <span class='ocrx_word' id='word_1_257' title='bbox 1128 3469 1243 3542; x_wconf 79' lang='lat' dir='ltr'><strong>populus</strong></span> 
     </span>
     <span class='ocr_line' id='line_1_32' title="bbox 180 3549 1242 3620; baseline -0.003 -15"><span class='ocrx_word' id='word_1_258' title='bbox 180 3553 275 3605; x_wconf 76' lang='lat' dir='ltr'><strong>didato.</strong></span> <span class='ocrx_word' id='word_1_259' title='bbox 288 3552 434 3620; x_wconf 81' lang='lat' dir='ltr'><strong>Eleganter.</strong></span> <span class='ocrx_word' id='word_1_260' title='bbox 450 3550 516 3602; x_wconf 88' lang='lat' dir='ltr'><strong>Nam</strong></span> <span class='ocrx_word' id='word_1_261' title='bbox 528 3549 574 3620; x_wconf 90' lang='lat' dir='ltr'><strong>qui</strong></span> <span class='ocrx_word' id='word_1_262' title='bbox 590 3549 617 3600; x_wconf 91' lang='lat' dir='ltr'><strong>in</strong></span> <span class='ocrx_word' id='word_1_263' title='bbox 629 3567 690 3602; x_wconf 81' lang='lat' dir='ltr'><strong>can·</strong></span> <span class='ocrx_word' id='word_1_264' title='bbox 734 3550 817 3602; x_wconf 81' lang='lat' dir='ltr'><strong>Italise</strong></span> <span class='ocrx_word' id='word_1_265' title='bbox 830 3551 857 3601; x_wconf 88' lang='lat' dir='ltr'><strong>in</strong></span> <span class='ocrx_word' id='word_1_266' title='bbox 873 3564 943 3602; x_wconf 86' lang='lat' dir='ltr'><strong>sexta</strong></span> <span class='ocrx_word' id='word_1_267' title='bbox 958 3551 1071 3620; x_wconf 81' lang='lat' dir='ltr'><strong>regione.</strong></span> <span class='ocrx_word' id='word_1_268' title='bbox 1091 3549 1154 3603; x_wconf 91' lang='lat' dir='ltr'><strong>Vid.</strong></span> <span class='ocrx_word' id='word_1_269' title='bbox 1172 3551 1242 3602; x_wconf 87' lang='lat' dir='ltr'><strong>Plin.</strong></span> 
     </span>
     <span class='ocr_line' id='line_1_33' title="bbox 181 3629 1242 3702; baseline -0.004 -17"><span class='ocrx_word' id='word_1_270' title='bbox 181 3629 245 3687; x_wconf 87' lang='lat' dir='ltr'><strong>dida</strong></span> <span class='ocrx_word' id='word_1_271' title='bbox 259 3643 316 3701; x_wconf 77' lang='lat' dir='ltr'><strong>toga</strong></span> <span class='ocrx_word' id='word_1_272' title='bbox 330 3643 470 3700; x_wconf 84' lang='lat' dir='ltr'><strong>praeturam</strong></span> <span class='ocrx_word' id='word_1_273' title='bbox 483 3631 692 3701; x_wconf 82' lang='lat' dir='ltr'><strong>petebant‚proe·</strong></span> <span class='ocrx_word' id='word_1_274' title='bbox 734 3631 792 3694; x_wconf 90' lang='lat' dir='ltr'><strong>Ill,</strong></span> <span class='ocrx_word' id='word_1_275' title='bbox 810 3637 851 3685; x_wconf 81' lang='lat' dir='ltr'><strong>att.</strong></span> <span class='ocrx_word' id='word_1_276' title='bbox 866 3642 891 3681; x_wconf 90' lang='lat' dir='ltr'><strong>et</strong></span> <span class='ocrx_word' id='word_1_277' title='bbox 908 3631 965 3682; x_wconf 87' lang='lat' dir='ltr'><strong>Liv.</strong></span> <span class='ocrx_word' id='word_1_278' title='bbox 982 3631 1035 3694; x_wconf 87' lang='lat' dir='ltr'><strong>IX,</strong></span> <span class='ocrx_word' id='word_1_279' title='bbox 1058 3631 1110 3694; x_wconf 89' lang='lat'><strong>36,</strong></span> <span class='ocrx_word' id='word_1_280' title='bbox 1127 3631 1173 3702; x_wconf 87' lang='lat' dir='ltr'><strong>qui</strong></span> <span class='ocrx_word' id='word_1_281' title='bbox 1190 3631 1242 3682; x_wconf 89' lang='lat' dir='ltr'><strong>Ca·</strong></span> 
     </span>
     <span class='ocr_line' id='line_1_34' title="bbox 182 3710 1243 3770; baseline -0.004 -6"><span class='ocrx_word' id='word_1_282' title='bbox 182 3726 246 3765; x_wconf 76' lang='lat' dir='ltr'><strong>tores</strong></span> <span class='ocrx_word' id='word_1_283' title='bbox 258 3711 383 3762; x_wconf 75' lang='lat' dir='ltr'><strong>candidati</strong></span> <span class='ocrx_word' id='word_1_284' title='bbox 392 3711 503 3762; x_wconf 89' lang='lat' dir='ltr'><strong>omnino</strong></span> <span class='ocrx_word' id='word_1_285' title='bbox 517 3710 692 3770; x_wconf 85' lang='lat' dir='ltr'><strong>vocabantur,</strong></span> <span class='ocrx_word' id='word_1_286' title='bbox 736 3720 833 3760; x_wconf 86' lang='lat' dir='ltr'><strong>mertes</strong></span> <span class='ocrx_word' id='word_1_287' title='bbox 849 3710 949 3760; x_wconf 83' lang='lat' dir='ltr'><strong>Umbros</strong></span> <span class='ocrx_word' id='word_1_288' title='bbox 968 3721 1047 3761; x_wconf 79' lang='lat' dir='ltr'><strong>uocat.</strong></span> <span class='ocrx_word' id='word_1_289' title='bbox 1062 3741 1101 3752; x_wconf 89' lang='grc'>-</span> <span class='ocrx_word' id='word_1_290' title='bbox 1123 3710 1243 3762; x_wconf 78' lang='lat' dir='ltr'><strong>Adversus</strong></span> 
     </span>
     <span class='ocr_line' id='line_1_35' title="bbox 181 3788 1247 3866; baseline -0.004 -22"><span class='ocrx_word' id='word_1_291' title='bbox 181 3790 315 3866; x_wconf 83' lang='lat' dir='ltr'><strong>quidquid</strong></span> <span class='ocrx_word' id='word_1_292' title='bbox 328 3803 420 3843; x_wconf 86' lang='lat' dir='ltr'><strong>contra</strong></span> <span class='ocrx_word' id='word_1_293' title='bbox 433 3789 503 3842; x_wconf 89' lang='lat' dir='ltr'><strong>dicat</strong></span> <span class='ocrx_word' id='word_1_294' title='bbox 523 3789 638 3858; x_wconf 67' lang='lat' dir='ltr'><strong>Pighius.</strong></span> <span class='ocrx_word' id='word_1_295' title='bbox 654 3818 693 3828; x_wconf 96' lang='lat'>-</span> <span class='ocrx_word' id='word_1_296' title='bbox 736 3788 893 3840; x_wconf 80' lang='lat' dir='ltr'><strong>conditionem</strong></span> <span class='ocrx_word' id='word_1_297' title='bbox 893 3789 1077 3854; x_wconf 70' lang='lat' dir='ltr'><strong>sis-derisQuia</strong></span> <span class='ocrx_word' id='word_1_298' title='bbox 1086 3788 1247 3857; x_wconf 78' lang='lat' dir='ltr'><strong>smduserat,</strong></span> 
     </span>
     <span class='ocr_line' id='line_1_36' title="bbox 182 3865 1248 3944; baseline -0.007 -17"><span class='ocrx_word' id='word_1_299' title='bbox 182 3875 257 3944; x_wconf 76' lang='lat' dir='ltr'><strong>Ejus.</strong></span> <span class='ocrx_word' id='word_1_300' title='bbox 268 3873 359 3923; x_wconf 84' lang='lat' dir='ltr'><strong>Exstat</strong></span> <span class='ocrx_word' id='word_1_301' title='bbox 370 3872 398 3922; x_wconf 88' lang='lat' dir='ltr'><strong>in</strong></span> <span class='ocrx_word' id='word_1_302' title='bbox 407 3871 484 3940; x_wconf 79' lang='lat' dir='ltr'><strong>louge</strong></span> <span class='ocrx_word' id='word_1_303' title='bbox 495 3869 606 3920; x_wconf 77' lang='lat' dir='ltr'><strong>mariana</strong></span> <span class='ocrx_word' id='word_1_304' title='bbox 617 3865 693 3918; x_wconf 81' lang='lat' dir='ltr'><strong>Mss,</strong></span> <span class='ocrx_word' id='word_1_305' title='bbox 738 3887 772 3919; x_wconf 89' lang='lat' dir='ltr'><strong>ne</strong></span> <span class='ocrx_word' id='word_1_306' title='bbox 788 3869 932 3920; x_wconf 90' lang='lat' dir='ltr'><strong>Camertini</strong></span> <span class='ocrx_word' id='word_1_307' title='bbox 945 3882 1050 3938; x_wconf 84' lang='lat' dir='ltr'><strong>possent</strong></span> <span class='ocrx_word' id='word_1_308' title='bbox 1064 3886 1170 3920; x_wconf 84' lang='lat' dir='ltr'><strong>romana</strong></span> <span class='ocrx_word' id='word_1_309' title='bbox 1185 3869 1248 3920; x_wconf 84' lang='lat' dir='ltr'><strong>civi·</strong></span> 
     </span>
     <span class='ocr_line' id='line_1_37' title="bbox 183 3945 1246 4026; baseline -0.004 -22"><span class='ocrx_word' id='word_1_310' title='bbox 183 3966 274 4026; x_wconf 87' lang='lat' dir='ltr'><strong>parte,</strong></span> <span class='ocrx_word' id='word_1_311' title='bbox 286 3952 347 4004; x_wconf 86' lang='lat' dir='ltr'><strong>lieet</strong></span> <span class='ocrx_word' id='word_1_312' title='bbox 356 3969 447 4021; x_wconf 87' lang='lat' dir='ltr'><strong>reapse</strong></span> <span class='ocrx_word' id='word_1_313' title='bbox 462 3946 587 4002; x_wconf 87' lang='lat' dir='ltr'><strong>abundet.</strong></span> <span class='ocrx_word' id='word_1_314' title='bbox 598 3945 696 3999; x_wconf 88' lang='lat' dir='ltr'><strong>Omisit</strong></span> <span class='ocrx_word' id='word_1_315' title='bbox 738 3959 791 3998; x_wconf 85' lang='lat' dir='ltr'><strong>tate</strong></span> <span class='ocrx_word' id='word_1_316' title='bbox 805 3945 909 4000; x_wconf 90' lang='lat' dir='ltr'><strong>donari.</strong></span> <span class='ocrx_word' id='word_1_317' title='bbox 922 3948 1016 4000; x_wconf 87' lang='lat' dir='ltr'><strong>Cicero</strong></span> <span class='ocrx_word' id='word_1_318' title='bbox 1030 3961 1116 4000; x_wconf 86' lang='lat' dir='ltr'><strong>tamen</strong></span> <span class='ocrx_word' id='word_1_319' title='bbox 1126 3945 1192 4000; x_wconf 91' lang='lat' dir='ltr'><strong>illud</strong></span> <span class='ocrx_word' id='word_1_320' title='bbox 1202 3949 1246 4000; x_wconf 81' lang='lat' dir='ltr'><strong>foe·</strong></span> 
     </span>
     <span class='ocr_line' id='line_1_38' title="bbox 183 4024 1248 4105; baseline -0.005 -20"><span class='ocrx_word' id='word_1_321' title='bbox 183 4033 302 4105; x_wconf 75' lang='lat' dir='ltr'><strong>Pighius.</strong></span> <span class='ocrx_word' id='word_1_322' title='bbox 424 4079 426 4083; x_wconf 90' lang='grc'>,</span> <span class='ocrx_word' id='word_1_323' title='bbox 739 4024 790 4078; x_wconf 84' lang='lat' dir='ltr'><strong>dua</strong></span> <span class='ocrx_word' id='word_1_324' title='bbox 819 4028 993 4079; x_wconf 86' lang='lat' dir='ltr'><strong>camertinum</strong></span> <span class='ocrx_word' id='word_1_325' title='bbox 1017 4028 1196 4100; x_wconf 80' lang='lat' dir='ltr'><strong>aequissimum</strong></span> <span class='ocrx_word' id='word_1_326' title='bbox 1221 4041 1248 4080; x_wconf 88' lang='lat' dir='ltr'><strong>et</strong></span> 
     </span>
    </p>

    <p class='ocr_par' dir='ltr' id='par_1_6' title="bbox 230 4107 1032 4181">
     <span class='ocr_line' id='line_1_39' title="bbox 230 4107 1032 4181; baseline -0.006 -17"><span class='ocrx_word' id='word_1_327' title='bbox 230 4131 254 4164; x_wconf 84' lang='lat' dir='ltr'><strong>a.</strong></span> <span class='ocrx_word' id='word_1_328' title='bbox 284 4113 421 4181; x_wconf 84' lang='lat' dir='ltr'><strong>Decerpsr‘t,</strong></span> <span class='ocrx_word' id='word_1_329' title='bbox 439 4108 467 4164; x_wconf 87' lang='lat' dir='ltr'><strong>id</strong></span> <span class='ocrx_word' id='word_1_330' title='bbox 486 4121 538 4174; x_wconf 87' lang='lat' dir='ltr'><strong>est,</strong></span> <span class='ocrx_word' id='word_1_331' title='bbox 553 4107 695 4162; x_wconf 84' lang='lat' dir='ltr'><strong>imminuit.</strong></span> <span class='ocrx_word' id='word_1_332' title='bbox 740 4107 932 4159; x_wconf 86' lang='lat' dir='ltr'><strong>sanctissimum</strong></span> <span class='ocrx_word' id='word_1_333' title='bbox 947 4119 1032 4160; x_wconf 80' lang='lat' dir='ltr'><strong>vocet.</strong></span> 
     </span>
    </p>
   </div>
   <div class='ocr_carea' id='block_1_4' title="bbox 187 4187 1250 4341">
    <p class='ocr_par' dir='ltr' id='par_1_7' title="bbox 187 4187 1250 4341">
     <span class='ocr_line' id='line_1_40' title="bbox 187 4187 1250 4338; baseline -0.005 -95"><span class='ocrx_word' id='word_1_334' title='bbox 187 4189 274 4244; x_wconf 89' lang='lat' dir='ltr'><strong>Codd.</strong></span> <span class='ocrx_word' id='word_1_335' title='bbox 290 4197 401 4252; x_wconf 77' lang='lat' dir='ltr'><strong>arcessit,</strong></span> <span class='ocrx_word' id='word_1_336' title='bbox 420 4195 518 4244; x_wconf 71' lang='lat' dir='ltr'><strong>comsit</strong></span> <span class='ocrx_word' id='word_1_337' title='bbox 525 4228 534 4252; x_wconf 87' lang='lat'><strong>,</strong></span> <span class='ocrx_word' id='word_1_338' title='bbox 544 4189 609 4243; x_wconf 86' lang='lat' dir='ltr'><strong>item</strong></span> <span class='ocrx_word' id='word_1_339' title='bbox 620 4187 699 4240; x_wconf 81' lang='lat' dir='ltr'><strong>deces-</strong></span> <span class='ocrx_word' id='word_1_340' title='bbox 783 4192 810 4250; x_wconf 64' lang='grc'><strong>4.</strong></span> <span class='ocrx_word' id='word_1_341' title='bbox 825 4187 901 4240; x_wconf 83' lang='lat' dir='ltr'><strong>Turre.</strong></span> <span class='ocrx_word' id='word_1_342' title='bbox 915 4187 1170 4338; x_wconf 55' lang='lat' dir='ltr'><strong>ExpunaitBPighius</strong></span> <span class='ocrx_word' id='word_1_343' title='bbox 1182 4188 1250 4242; x_wconf 88' lang='lat' dir='ltr'><strong>hanc</strong></span> 
     </span>
     <span class='ocr_line' id='line_1_41' title="bbox 240 4275 1040 4341; baseline -0.003 0"><span class='ocrx_word' id='word_1_344' title='bbox 240 4275 271 4341; x_wconf 93' lang='lat' dir='ltr'><strong>I.</strong></span> <span class='ocrx_word' id='word_1_345' title='bbox 1021 4295 1040 4339; x_wconf 85' lang='lat' dir='ltr'><strong>a</strong></span> 
     </span>
    </p>
   </div>
   <div class='ocr_carea' id='block_1_5' title="bbox 0 0 1640 5122">
    <p class='ocr_par' dir='ltr' id='par_1_8' title="bbox 0 0 1640 5122">
     <span class='ocr_line' id='line_1_42' title="bbox 0 0 1640 5122; baseline 0 0"><span class='ocrx_word' id='word_1_346' title='bbox 0 0 1640 5122; x_wconf 95' lang='lat' dir='ltr'><strong> </strong></span> 
     </span>
    </p>
   </div>
  </div>
 </body>
</html>
