3168 5124
366 451 440 538 dlis
550 453 778 520 VALERII
814 451 1025 522 Mlxlntt
1061 453 1156 520 LIB.
1185 453 1248 520 Vl.

677 689 929 782 CAPUT
973 687 1131 778 VIIL

596 921 652 987 De
658 917 741 1016 fide
760 941 931 988 servorum
949 941 1035 1014 erga
1054 917 1220 988 domnos.

372 1111 392 1144 ι.
404 1093 438 1142 tt.
451 1090 546 1139 Antonii
557 1089 656 1138 oratoris
667 1105 755 1140 servm.
769 1115 801 1126 -
815 1105 837 1138 a.
851 1091 879 1138 C.
895 1091 966 1138 Marii
977 1093 1006 1140 C.
1016 1093 1043 1139 Γ.
1055 1107 1104 1139 eos.
1119 1107 1205 1139 serres.
1219 1118 1252 1128 -
1266 1091 1287 1138 3.
1304 1091 1332 1139 C.
1342 1091 1443 1139 Gneebi

401 1175 552 1222 eudomio.
561 1197 592 1210 ·-·
601 1181 624 1229 t.
633 1173 661 1220 C.
674 1171 747 1220 cmii
755 1171 878 1218 Pindum.
890 1197 922 1208 -
931 1171 953 1220 5.
965 1173 1008 1219 Cn.
1018 1171 1089 1219 Plotli
1099 1172 1181 1220 utino
1191 1171 1289 1220 lundis.
1298 1171 1362 1220 -6,
1374 1171 1445 1218 uns

401 1253 435 1300 nii
446 1251 573 1316 Amplonie
582 1266 672 1300 servus.
685 1275 716 1286 -
728 1265 750 1312 7.
762 1251 826 1298 tnui
835 1250 952 1298 notionis
964 1265 1053 1298 ursus.

423 1445 560 1530 Restat,
581 1456 620 1511 ut
641 1465 815 1513 servorum
837 1439 937 1510 etiam
959 1463 1039 1535 erga
1059 1439 1226 1530 dominos,
1247 1465 1316 1536 quo
1336 1441 1444 1510 minus

371 1564 612 1648 exspectatam,
632 1547 700 1636 hoe
718 1545 967 1616 laudabiliorem
986 1545 1088 1616 fidem
1108 1546 1301 1618 referamus.

431 1681 460 1728 1.
484 1658 531 1726 M.
554 1655 718 1724 Antonius
726 1651 749 1742 ¹,
772 1678 912 1722 aronam
934 1667 1125 1724 nostrorum
1147 1654 1356 1750 temporibus
1376 1653 1444 1724 ela·

372 1765 519 1834 sissimus
529 1775 660 1848 orator,
669 1761 785 1830 incesti
797 1785 873 1830 reus
884 1760 1045 1856 agebatur
1053 1787 1063 1848 3
1072 1760 1166 1854 cujus
1175 1760 1343 1855 injudicio
1356 1785 1445 1831 aecu

373 1885 498 1940 satores
516 1893 650 1938 servum
671 1867 704 1936 iu
722 1869 936 1962 quaestionem
954 1868 1277 1962 perseverantissime
1294 1866 1445 1963 postula-

373 1979 471 2066 bant;
488 1973 582 2070 quod*
597 1975 640 2042 ab
658 1999 718 2062 eo,
731 1999 834 2068 quum
849 1973 890 2042 ad
908 1987 1061 2070 stuprum
1079 1976 1162 2062 iret,
1179 1973 1346 2044 laternam
1365 2001 1445 2070 pras·

374 2083 474 2154 latam
497 2079 755 2151 contenderent:
781 2095 853 2150 erat
879 2093 991 2154 autem
1013 2082 1040 2150 is
1060 2082 1159 2150 etiam
1177 2095 1249 2150 tum
1270 2083 1446 2166 imberbis,

374 2204 408 2259 et
425 2187 534 2259 stabat
551 2212 681 2274 coram,
694 2186 894 2284 ridebatque
915 2213 986 2258 rem
1002 2187 1045 2256 ad
1063 2211 1141 2258 suos
1158 2191 1327 2258 cruciabis
1347 2191 1448 2285 perti·

374 2298 498 2382 tinere,
517 2319 580 2364 nec
605 2309 717 2364 tamen
740 2293 817 2364 eos'
842 2293 1017 2390 fugitavit:
1040 2292 1094 2364 ille
1118 2318 1217 2382 vero,
1243 2309 1285 2365 ut
1310 2296 1447 2366 domum

375 2425 507 2498 quoque
525 2415 662 2470 ventum
679 2415 746 2488 est,
767 2403 950 2470 Antonium
969 2401 1036 2471 hoe
1064 2402 1199 2472 nomine
1216 2403 1448 2474 vehementius

375 2509 568 2594 confusum,
582 2521 616 2576 et
630 2505 805 2576 sollicitum
821 2507 910 2578 ultro
926 2522 976 2578 est
988 2508 1160 2594 hortatum
1174 2525 1214 2578 ut
1225 2533 1264 2578 se
1271 2509 1448 2602 derbrbm

376 2612 600 2708 torquendum
621 2612 791 2694 traderet,
803 2613 990 2703 affirmans,
1002 2617 1132 2686 nulum
1150 2641 1211 2685 ore
1226 2640 1289 2686 suo
1305 2615 1445 2686 verbrun

376 2726 556 2806 extranea,
573 2743 643 2816 quo
662 2743 773 2790 catara
795 2721 868 2814 ejm
885 2721 1088 2806 laederetur,·
1109 2745 1148 2792 ac
1169 2723 1317 2820 promissi
1338 2721 1440 2792 fidem

288 2873 291 2880 -
377 2828 460 2896 mira
479 2827 637 2922 patientia
658 2829 809 2923 praestitit
825 2855 833 2896 :
852 2827 1002 2924 plurimis
1023 2813 1132 2900 enim³
1146 2827 1302 2900 laceratus
1319 2827 1439 2898 verbe·

377 2933 487 3022 ribus,
513 2931 906 3031 eculeoque‘impositus‚
932 2935 1148 3006 candentibus
1177 2939 1280 3006 etiam
1313 2934 1446 3004 laminis

376 3056 486 3128 ustus,
498 3065 633 3110 omnem
651 3043 719 3110 vim
735 3043 968 3130 accusationis,
983 3042 1148 3112 custodita
1163 3045 1212 3112 rei
1230 3041 1351 3126 salute,
1367 3041 1448 3112 sub·

376 3149 484 3216 vertit.
505 3149 610 3242 Argui
633 3146 767 3217 fortuna
791 3150 910 3218 merito
931 3163 1060 3245 potest,
1079 3149 1170 3244 quod
1193 3165 1264 3220 tam
1285 3151 1398 3245 pium,
1418 3162 1451 3218 et

377 3269 444 3326 tam
467 3253 588 3324 sortem
610 3255 762 3348 spiritum
779 3253 889 3324 servili
908 3258 1041 3330 nomine
1055 3255 1198 3326 inclusit.

430 3387 464 3430 a.
487 3359 667 3430 Consulem
682 3375 793 3430 autem
806 3365 845 3432 C.
862 3364 1008 3432 Marium
1023 3365 1232 3433 Pimnestinae
1252 3349 1451 3433 obsidionis‘

423 3579 446 3613 r.
463 3561 592 3614 Antonius.
607 3561 657 3613 An.
670 3559 705 3614 U.
723 3560 790 3630 639.
805 3559 891 3633 Supra
935 3560 1070 3632 precedit.
1083 3593 1124 3606 ·-
1138 3563 1315 3616 Candmtibrrs.
1332 3564 1453 3634 Uterque

380 3641 434 3706 111,
447 3659 478 3712 7,
494 3658 522 3709 9.
936 3639 1009 3696 Med.
1025 3642 1172 3698 ardentibus.
1195 3641 1248 3698 Sed
1273 3656 1383 3716 prestat
1404 3663 1452 3696 no·

422 3737 448 3773 a.
469 3721 531 3772 Eos.
546 3718 702 3774 Perizonius
715 3731 794 3792 putat
806 3721 892 3792 legen·
937 3721 1102 3776 strum.Vid.
1112 3721 1159 3776 Sil.
1169 3723 1228 3778 lut.
1242 3725 1359 3796 1‚171;
1372 3723 1452 3794 Prop.

380 3797 445 3852 dum
458 3819 486 3852 eo
494 3801 624 3870 sagitavit,
640 3797 668 3852 id
684 3813 737 3864 est,
752 3814 893 3874 propterea
936 3801 988 3869 IV,
1003 3821 1031 3873 7,
1047 3803 1093 3865 dd.
1106 3835 1148 3848 -
1162 3803 1292 3858 Subtertr't.
1310 3805 1398 3858 Vetus
1408 3822 1452 3856 oo·

380 3880 470 3950 fugere
483 3892 594 3933 conatus
605 3891 651 3933 est.
661 3880 706 3932 Nil
719 3879 890 3946 mutandum,
937 3879 1080 3955 dexLipsii
1089 3881 1177 3950 addit,
1186 3897 1211 3936 ee
1221 3885 1345 3938 domim
1353 3882 1452 3954 ηιμ

381 3973 487 4012 auctore
499 3959 616 4031 Kappio.
935 3973 959 4013 et
970 3965 1106 4015 remeantia
1114 3965 1239 4032 liberavit,
1255 3963 1332 4038 quod
1344 3982 1452 4037 prorum

419 4039 445 4092 3.
456 4041 539 4092 Enim.
550 4039 603 4092 Atii
615 4043 696 4094 etlam.
705 4039 796 4094 Minus
804 4053 890 4106 recte,
935 4061 1129 4114 supervacuum
1140 4057 1188 4098 est.

376 4135 458 4188 quum
471 4119 512 4172 bis
528 4121 594 4173 ratio
605 4117 733 4174 reddatur
746 4123 802 4193 ejus
816 4119 889 4193 quod
977 4129 1002 4186 l·
1026 4122 1177 4179 obsidionis.
1189 4127 1240 4178 ΑΒ·
1257 4125 1294 4180 U·
1308 4129 1378 4196 ⁶7¹·
1393 4123 1450 4198 Ll'.
