3184 5132
429 569 500 618 roo
632 545 854 614 VALERII
881 543 1087 613 MAXIMI
1118 543 1212 612 LIB.
1242 545 1294 612 11.

424 705 502 776 gere
524 705 590 748 non
611 679 858 774 permiserunt,
888 690 925 744 ut
949 675 1103 744 inviolata
1124 700 1240 744 manus
1264 674 1377 744 alienoe
1400 689 1491 746 tactu

425 783 531 856 stola¹
562 783 810 878 relinqueretur.
837 780 940 852 Vini²
968 807 1046 850 usus
1080 780 1157 850 olim
1187 783 1331 850 romanis
1361 781 1492 850 feminis

424 895 556 986 ignotus
569 891 649 978 fuit,
663 915 704 958 nc
723 889 845 958 scilicet
863 890 896 956 in
911 887 1043 982 aliquod
1059 885 1200 956 dedecus
1216 885 1492 982 prolaberentur,

424 1001 500 1092 quia
525 997 693 1092 proximus
721 1019 740 1063 a
766 995 887 1064 Libero
912 1008 1006 1088 patre
1026 995 1285 1090 intemperantias
1308 993 1430 1088 gradus
1450 993 1492 1061 ad

425 1105 649 1172 inconcessam
664 1103 828 1170 Venerem
847 1124 917 1168 esse
929 1100 1116 1169 consuevit:
1128 1113 1283 1168 caeterum
1300 1113 1419 1167 utnon
1433 1102 1490 1168 tri·

425 1211 482 1278 stis
500 1233 613 1278 earum
633 1222 666 1276 et
683 1207 818 1276 horrida
834 1205 1009 1300 pudicitia,
1028 1203 1085 1274 sed
1105 1205 1245 1274 honesto
1259 1207 1422 1274 comitatis
1434 1231 1491 1301 ge·

425 1340 504 1384 nere
523 1327 704 1410 temperata
718 1327 819 1398 essct,
833 1310 1077 1405 indulgentibus
1090 1313 1231 1398 maritis,
1245 1325 1277 1379 et
1291 1335 1373 1380 auro
1384 1311 1491 1379 abun-

425 1420 534 1506 danti,
552 1436 586 1489 et
603 1418 707 1488 multa
723 1441 871 1513 purpura
889 1443 956 1486 usae
974 1431 1071 1500 sunt;
1097 1432 1129 1485 et
1151 1443 1217 1512 quo
1236 1417 1377 1486 formam
1396 1442 1491 1486 suam

426 1528 672 1596 concinniorem
698 1523 888 1611 efficerent,
907 1547 1036 1592 summa
1059 1547 1134 1592 cum
1162 1518 1329 1619 diligentia
1355 1523 1492 1620 capillos

426 1635 536 1703 cinere
558 1614 772 1700 rutilarunt³:
795 1628 875 1697 nulli
897 1631 984 1697 enim
1007 1641 1087 1697 tunc
1109 1615 1353 1698 subsessorum⁴
1370 1628 1493 1698 alieno-

428 1763 502 1808 rum
519 1738 804 1807 matrimoniorum
820 1734 907 1804 oculi
919 1734 1166 1819 metuebantur-3
1185 1735 1241 1804 sed
1259 1736 1382 1830 pariter
1396 1750 1430 1803 ct
1445 1737 1492 1803 vi·

428 1845 507 1914 dere
529 1857 657 1930 sancte,
675 1857 709 1912 et
727 1826 884 1937 adspici⁵,
903 1854 1019 1910 mutuo
1038 1839 1165 1934 pudore
1185 1839 1466 1910 custodiebantur.

482 1947 516 2020 6.
540 1951 678 2038 Quoties
702 1973 782 2018 vero
800 1949 886 2015 inter
909 1947 1016 2015 virum
1037 1959 1071 2014 et
1088 1971 1225 2014 uxorem
1249 1945 1370 2041 aliquid
1392 1947 1493 2042 jurgii

429 2060 675 2142 intercesserat,
703 2055 737 2123 in
762 2051 917 2122 sacellum
944 2054 1023 2121 Deae
1045 2037 1252 2145 Viriplacae⁶,
1272 2053 1361 2146 quod
1388 2055 1491 2123 estin

429 2161 573 2248 Palatio,
588 2160 782 2246 veniebant3
794 2173 827 2227 et
845 2158 889 2226 ibi
908 2158 1047 2226 invicem
1066 2156 1194 2252 loquuti
1213 2183 1286 2252 quae
1299 2158 1492 2237 voluerant,

433 2363 617 2437 grammatico,
636 2361 682 2434 qui
705 2361 796 2416 scribit
811 2379 917 2432 quoque
933 2379 939 2414 :
985 2361 1225 2433 appellareputsnt.
1237 2386 1248 2407 ι
1259 2359 1303 2413 Ob
1310 2361 1493 2414 abstinentiam

437 2469 448 2491 ι
460 2441 942 2513 matronasamagistratibusnonsub·
985 2459 999 2492 a
1016 2441 1079 2493 vino
1092 2441 1211 2492 abstemia
1226 2453 1322 2493 vocata
1339 2453 1410 2493 sunt.
1431 2440 1492 2493 Plu·

435 2522 537 2576 moveri
549 2521 649 2585 solitas,
663 2540 698 2573 ne
708 2521 807 2592 pulsuri
821 2533 865 2572 aut
878 2538 941 2572 con·
985 2519 1172 2585 taronuaest.
1181 2537 1248 2571 rom.
1258 2521 1288 2582 6,
1298 2520 1346 2586 ait,
1354 2521 1494 2592 plerosque

435 2601 541 2655 treetari
563 2598 717 2654 viderentur
734 2613 761 2653 et
780 2620 813 2654 ne
828 2597 942 2670 gravida
985 2597 1105 2662 credere,
1118 2617 1234 2666 morem,
1247 2612 1277 2652 ut
1285 2612 1410 2670 cognatos
1422 2619 1494 2652 oscu-

435 2692 646 2734 ooncuterentur.
660 2705 671 2726 ι
687 2710 727 2721 -
744 2679 942 2751 corpas....p0r-
984 2677 1102 2731 larentur
1113 2679 1247 2739 mulieres,
1265 2677 1417 2732 institutum
1428 2698 1492 2744 esse,

437 2765 554 2814 miserant.
562 2757 712 2812 Secundum
719 2759 845 2830 leggffll
855 2759 942 2824 tabb,
985 2771 1015 2810 ut
1030 2759 1067 2811 sic
1080 2771 1168 2830 posset
1179 2757 1356 2829 deprehendi,
1368 2779 1401 2809 aa
1413 2765 1493 2810 ’νέηαι

436 2843 471 2908 is,
491 2840 537 2912 qui
553 2839 581 2892 in
594 2842 637 2911 jus
651 2851 788 2892 vocantem
803 2855 856 2891 non
871 2837 942 2890 illico
986 2837 1105 2890 bibissent,
1114 2835 1185 2890 Vide
1193 2837 1448 2910 Dionys.1;Amob.
1457 2839 1494 2902 11;

435 2931 606 2994 sequeretur,
630 2937 711 2972 mmu
731 2919 825 2990 injecta
852 2936 944 2990 appre·
985 2917 1097 2970 Tertull.
1110 2917 1237 2988 apologet.
1255 2921 1282 2970 6.

435 2999 517 3053 bendi
538 3018 567 3052 ac
589 3000 696 3052 obtorto
717 2998 786 3050 eollo
807 2997 942 3049 inlocum
1029 2997 1053 3050 3.
1070 2995 1177 3066 Capillos
1189 3001 1265 3048 ciam
1276 2997 1493 3050 wisamarum

434 3078 528 3150 judicii
543 3079 600 3150 rapi
616 3089 728 3149 poterut.
744 3077 805 3142 Quo
823 3075 945 3130 conficie-
987 3075 1127 3141 XXVIII,
1150 3093 1171 3128 ι.
1186 3075 1323 3129 Gallorum
1336 3075 1387 3129 boc
1404 3077 1494 3128 inven-

435 3160 513 3212 batur
527 3163 551 3210 ta
559 3161 602 3228 jas
615 3161 711 3208 omacio
719 3160 828 3227 privata,
845 3153 878 3207 de
892 3174 943 3226 qua
987 3168 1054 3220 tum,
1063 3155 1220 3228 capillorum
1233 3155 1321 3208 cinere
1327 3167 1353 3207 et
1362 3155 1427 3208 sebo
1436 3159 1494 3207 ruti·

437 3237 500 3290 vide
514 3237 548 3289 sis
569 3237 660 3288 Rosini
675 3249 701 3288 et
718 3235 851 3288 Heineccii
871 3235 943 3306 Opp.
987 3235 1120 3286 landarum.

436 3318 533 3390 quibus
540 3314 707 3386 antiquitates
716 3333 832 3367 romanos
842 3313 944 3386 egregie
1028 3319 1055 3376 4.
1071 3313 1244 3367 Subsessoram.
1266 3313 1328 3368 Non
1345 3314 1493 3366 subsessores.

435 3399 609 3451 illustrantur.
987 3393 1041 3464 Ipsi
1050 3392 1120 3445 oculi
1131 3411 1185 3446 non
1194 3407 1256 3446 sunt
1264 3395 1439 3450 subsessores,
1451 3391 1495 3446 sed

480 3494 504 3530 1.
520 3475 599 3530 Stolo.
613 3471 685 3525 Vide
705 3471 797 3526 Horat.
813 3471 898 3544 Satyr.
914 3473 945 3538 1,
988 3471 1176 3526 subsessorum.
1188 3473 1314 3526 Subsidere
1325 3471 1411 3540 idem,
1425 3469 1495 3545 quod
1585 3503 1586 3506 =

441 3575 471 3610 s:
483 3553 539 3608 esd
554 3555 620 3608 talos
632 3553 695 3604 uota
709 3550 837 3616 demissa,
852 3563 878 3604 et
892 3553 945 3605 cir·
987 3549 1015 3604 in
1027 3549 1129 3604 insidiis
1142 3551 1232 3606 latere.

437 3633 558 3688 cumdats
571 3633 648 3706 palla.
660 3657 671 3679 s
869 3687 870 3690 ,
1031 3630 1055 3682 5.
1069 3631 1310 3704 Wdeoe....adspici.
1320 3631 1447 3684 Mulieres
1456 3627 1498 3683 ad·
1585 3631 1586 3638 ’

481 3735 506 3767 s.
520 3715 546 3764 V
545 3717 587 3766 ini.
599 3713 631 3765 In
643 3729 698 3776 eas,
708 3729 767 3782 quaa
777 3715 859 3762 vinum
873 3721 946 3781 pots·
988 3709 1134 3782 spiciebant
1150 3709 1327 3764 adolescentes
1340 3713 1397 3764 sine
1409 3709 1496 3764 libidi-

438 3790 945 3864 rent,poenacspitaliseratconstitute,
989 3788 1497 3854 ne,etabadolescentibussinelibidine

437 3887 467 3926 ut
483 3874 505 3926 si
522 3889 573 3944 qua
589 3868 748 3923 adulterium
764 3868 944 3922 commisisset.
989 3866 1208 3940 adspiciebsntur.

435 3951 524 4007 Varro
537 3947 618 4003 tradit
633 3968 640 4002 :
660 3949 803 4020 uAntiquoe
821 3948 944 4000 mulieres
1030 3948 1181 4002 edanum
1189 3949 1250 4002 Deoe
1259 3950 1287 4000 V
1285 3949 1400 4020 impluere.
1407 3949 1498 4002 Sacelli

433 4033 545 4102 majores
569 4041 633 4082 natu
651 4029 777 4081 bibebant
794 4029 879 4079 loram
899 4039 944 4079 aut
988 4027 1066 4098 hujus
1079 4028 1200 4080 meminit
1219 4031 1250 4082 A.
1265 4029 1373 4094 Victor,
1390 4029 1498 4102 regione

435 4128 537 4184 sapam,
546 4119 592 4161 aut
604 4106 754 4174 defrutum,
766 4119 812 4159 aut
824 4125 943 4178 pessum,
987 4107 1014 4159 X
1028 4109 1132 4172 Rome,
1141 4107 1206 4160 dum
1222 4109 1279 4161 sit:
1297 4109 1375 4166 AEdt's
1388 4109 1441 4161 dea
1454 4107 1481 4160 V
1478 4111 1497 4158 ι’-

414 4247 416 4252 ,
436 4188 509 4264 quod
524 4187 691 4262 myrrhinum
701 4184 810 4258 quidam
821 4185 944 4238 Plautum
988 4186 1086 4256 eiplacoe
1101 4191 1126 4239 r'n
1138 4187 1245 4240 Palatio.
