3196 5122
423 522 495 608 184
594 521 816 590 VALERII
852 521 1058 634 MaleJ
1092 521 1187 588 LlB.
1216 521 1290 588 111.

417 653 634 724 efficacissimi
654 651 767 722 lacerti
780 651 806 740 ¹,
822 654 856 722 in
874 651 1065 720 fortitudine
1090 652 1282 722 consistunt.
1305 653 1377 722 Nec
1393 677 1471 748 pm·

418 761 496 828 terit
517 783 590 846 me,
613 759 764 854 conditor
787 759 878 828 urbis
899 772 1038 844 nocuae,
1061 755 1224 844 Romule,
1253 758 1469 852 principatum
1558 819 1559 830 i

418 865 478 934 tibi
499 864 564 934 hoc
588 867 623 933 in
641 889 761 960 genere
779 863 884 934 laudis
900 865 1057 960 assignari
1079 877 1233 960 oportere
1249 889 1256 931 :
1272 863 1329 932 sed
1348 878 1469 959 patere,
1559 925 1560 928 ,

419 971 574 1056 obsecro,
589 995 657 1040 uno
675 983 708 1040 te
723 972 879 1066 praecurri
894 969 1062 1064 exemplo,
1075 971 1129 1038 cui
1143 983 1177 1039 et
1194 971 1262 1064 ipsc
1271 969 1468 1064 aliquantum

419 1077 555 1147 honoris
573 1075 694 1148 debes:
713 1079 789 1172 quia
804 1075 964 1146 beneficio
984 1074 1069 1146 illius
1088 1075 1245 1146 ellectum
1262 1091 1329 1164 est,
1347 1102 1389 1146 ne
1406 1091 1468 1146 tam

419 1181 613 1278 praclarum
632 1207 716 1278 opus
734 1197 828 1254 tuum
850 1185 958 1254 Roma
974 1180 1184 1252 dilaberetur.

478 1313 508 1360 t.
530 1287 717 1358 Hetruscis²
737 1291 771 1358 in
788 1289 905 1358 urbem
925 1301 1026 1384 ponte
1041 1287 1186 1384 Sublicio
1200 1288 1469 1384 irrumpentibus,
1564 1360 1565 1364 ,

421 1396 576 1466 Horatius
591 1393 709 1466 Cocles
726 1410 906 1466 extremam
918 1395 988 1488 ejus
1004 1409 1133 1490 partem
1147 1396 1341 1489 occupavit,
1353 1409 1469 1464 totum·

419 1527 485 1596 que
498 1502 642 1572 hostium
653 1525 788 1596 agmen,
797 1501 902 1571 donec
915 1515 991 1596 post
1001 1515 1131 1598 tergum
1144 1525 1239 1570 suum
1253 1527 1338 1596 pons
1349 1501 1470 1568 abnam·

420 1621 574 1702 peretur,
594 1605 788 1704 infatigabili
811 1631 923 1704 pugna
942 1609 1121 1696 sustinuit;
1140 1621 1256 1702 atque,
1285 1619 1321 1674 ut
1338 1609 1468 1702 patriam

422 1711 568 1808 periculo
588 1713 771 1784 imminenti
798 1711 967 1784 liberatam
985 1713 1088 1802 vidit,
1109 1728 1255 1784 armatus
1275 1739 1309 1784 se
1329 1715 1363 1782 in
1381 1713 1468 1782 Tibe-

422 1821 483 1888 rim
508 1820 618 1888 misit:
638 1820 731 1913 cujus
759 1819 986 1890 fortitudinem
1011 1820 1057 1888 dii
1077 1819 1278 1890 immortales
1304 1819 1470 1892 admirati.

422 1924 680 1995 incolumitatem
702 1927 862 1996 sinceram
882 1927 912 1995 ei
932 1928 1172 2021 praestitemnt3
1193 1949 1270 1995 nam
1285 1951 1391 2020 neque
1410 1923 1471 1993 alti

422 2031 535 2102 tudine
548 2018 713 2124 dejectus³
727 2047 919 2126 quassatus,
928 2057 1034 2126 neque
1047 2031 1194 2128 pondere
1208 2057 1376 2102 armorum
1391 2055 1469 2127 pres

423 2162 495 2224 sus,
520 2161 581 2206 nec
602 2137 669 2206 ullo
697 2139 831 2208 vorticis
849 2140 987 2211 circuitu
1006 2153 1118 2226 actus,
1136 2163 1198 2208 nec
1224 2137 1296 2208 telis
1322 2137 1470 2234 quidem,

423 2269 496 2336 quae
514 2241 658 2338 undique
673 2245 951 2339 congerebantur,
969 2243 1080 2344 lgesus,
1096 2260 1205 2316 tutum
1227 2243 1361 2314 natandi
1379 2269 1470 2313 even·

423 2361 495 2418 tum
518 2348 641 2418 habuit
666 2351 762 2420 Unus
781 2352 890 2445 itaque
911 2365 961 2420 tot
983 2353 1130 2438 civium,
1149 2366 1199 2421 tot
1219 2352 1362 2420 bostium
1384 2353 1417 2419 in
1441 2373 1471 2416 se

423 2451 537 2522 oculos
558 2455 741 2544 convertit,
764 2471 931 2552 stupentes
958 2455 1031 2528 illos
1050 2457 1290 2544 admiratione,
1311 2455 1371 2526 hos
1392 2458 1472 2525 inter

422 2557 566 2628 laetitiam
588 2574 622 2628 et
642 2575 766 2632 metum
791 2551 994 2634 hesitantes‘
1014 2590 1023 2650 3
1044 2589 1193 2658 unusque
1218 2563 1302 2634 duos
1318 2565 1470 2632 acerrima

423 2689 535 2760 pugna
555 2682 725 2737 consertos
743 2671 919 2756 exercitus,
946 2667 1086 2738 alterum
1106 2667 1317 2764 repellendo,
1338 2668 1470 2738 altemm

422 2773 861 2866 propugnando,distrnxit;
877 2775 952 2844 deni
976 2799 1017 2844 uc
1028 2799 1114 2844 unus
1126 2775 1199 2844 urbi
1212 2791 1332 2845 nostrae
1349 2789 1470 2844 tantum

422 2893 516 2948 scuto
538 2905 620 2966 suo,
641 2893 801 2975 quantum
826 2880 951 2950 Tiberis
996 2879 1114 2968 alveo,
1141 2881 1336 2950 munimenti
1358 2879 1468 2948 attulit

465 3087 490 3122 a.
511 3067 683 3138 Efficaciaar'au'
697 3067 929 3126 lacentvalidiaai·
972 3069 1100 3142 tdligcns.
1114 3068 1166 3124 sed
1180 3069 1219 3122 nil
1237 3069 1340 3135 obstat,
1362 3087 1415 3142 mro
1426 3069 1471 3122 mi·

422 3167 496 3202 mum
506 3149 598 3202 robur.
972 3167 1022 3202 nna
1039 3161 1140 3202 retenta
1159 3149 1260 3220 volgari
1274 3149 1389 3204 lectione
1401 3149 1471 3204 cote

466 3229 632 3280 adaman.
640 3228 690 3280 An.
698 3228 733 3280 U.
746 3229 810 3293 245.
820 3229 929 3282 -Pna-
972 3247 1031 3282 rum
1045 3245 1197 3300 aequam,
1210 3229 1256 3300 qni
1270 3245 1364 3282 vocem
1376 3229 1471 3300 ἅμα

425 3319 447 3360 te
453 3307 566 3362 Sublacio.
575 3307 740 3360 Ponsllomn
746 3307 774 3360 in
781 3309 872 3364 Tiberi
879 3307 929 3361 fuit
972 3327 1020 3380 pec
1035 3308 1123 3366 elisus,
1135 3326 1180 3362 sen
1190 3305 1315 3366 deotmar
1326 3309 1355 3362 in
1369 3309 1472 3382 pacion-

422 3385 524 3440 adeam
541 3397 657 3458 partem,
668 3405 721 3458 qua
733 3387 749 3438 J
751 3387 883 3440 aniculam
895 3389 928 3442 ab
972 3387 1037 3442 dum
1048 3407 1132 3461 usqne
1138 3388 1471 3460 jactua,eaplicat.-Vor·

385 3513 387 3518 .
421 3465 927 3533 urbedirimitur,eaarteconetrnotau,
972 3469 1183 3526 etcinvortexest
1195 3469 1390 3523 conterminae
1401 3485 1470 3538 aqna.

423 3557 451 3598 ut
458 3547 543 3600 nabes
550 3547 606 3600 aine
613 3546 719 3600 fulturis
727 3547 806 3600 eximi
813 3561 926 3618 ponent.
972 3547 1136 3614 vttouim.
1150 3549 1215 3604 luat.
1229 3567 1271 3602 or.
1284 3548 1349 3600 v11.
1358 3577 1398 3592 -
1414 3547 1471 3618 Qua

423 3624 515 3678 Dictus
528 3638 566 3678 est
581 3627 719 3692 Sollicitas,
734 3625 807 3698 quod
828 3627 928 3697 lignem
972 3629 1074 3701 undique
1084 3629 1277 3698 mngmbantnr.
1287 3626 1417 3682 Nonnulli
1429 3623 1471 3678 ad·

422 3715 489 3756 esset
500 3716 527 3757 et
534 3705 641 3776 sublicis
654 3707 848 3760 fulciretnraita
858 3707 928 3760 enirn
971 3705 1038 3762 dunt
1048 3713 1073 3760 ia
1081 3727 1149 3769 casira,¹
1161 3706 1207 3762 aed
1217 3709 1327 3773 frutra,
1335 3725 1419 3779 qnam
1428 3723 1472 3776 pes

422 3796 518 3836 vocant
531 3785 604 3856 palos
617 3785 649 3840 ad
663 3787 752 3857 pontia
762 3787 928 3840 aunentatio-
971 3781 1071 3842 aestus
1086 3787 1254 3860 intelligatur.

421 3879 483 3914 nean
503 3864 531 3915 in
554 3883 619 3936 aqua
644 3865 753 3920 defixos.
768 3863 831 3920 Vid.
859 3867 926 3920 Feat.
1013 3866 1472 3933 4.1ntaer....taesitaatca.bntierant

427 3969 458 3980 -
479 3942 597 3996 Horatius
619 3945 710 3999 Cocles.
735 3948 775 4000 De
794 3965 848 4018 quo
869 3947 927 4000 Liv.
972 3949 1007 4000 ob
1025 3953 1080 4018 eina
1099 3945 1299 4010 fortitudinem
1312 3943 1358 4000 aed
1377 3957 1472 3998 metne-

421 4019 464 4084 113
479 4019 589 4092 Dionys.
599 4024 642 4089 V;
654 4025 722 4080 Plut.
735 4026 806 4080 Flos.
822 4027 920 4096 aliique
971 4027 1035 4080 bant
1054 4027 1150 4092 simul,
1170 4045 1204 4080 ne
1229 4025 1354 4080 deficiens
1377 4024 1473 4078 viribau

463 4099 489 4153 3.
506 4101 627 4170 Dejectus.
642 4105 745 4158 Nomen
759 4105 856 4158 babere
871 4105 929 4158 rult
971 4119 1197 4178 mergerctnmm
1205 4106 1264 4160 telis
1272 4106 1470 4176 opprimeretur.

421 4180 540 4254 Lipsius,
552 4179 726 4251 dejectionem
736 4182 881 4236 altitudinis
890 4185 929 4236 in·
1015 4187 1040 4238 5.
1061 4187 1159 4240 Tiberis.
1174 4186 1319 4253 htiqnurn
1330 4201 1426 4238 nomen
1437 4182 1471 4236 ie·
