3190 5122
157 517 256 585 CAP.
285 515 330 601 V,
356 515 423 582 DE
449 515 865 586 BENEVOLENTIA
891 519 1031 588 FRAT.
1089 520 1163 593 383

105 673 196 742 piene
208 649 276 741 jem
294 648 490 742 impressum
505 646 622 741 jugulo
638 673 829 718 mucronem
845 653 1022 720 revocavit.
1042 655 1093 722 lta
1108 658 1164 749 qui

105 753 146 822 ad
168 753 201 822 id
222 768 351 848 tempus
372 767 483 822 mutus
505 753 569 822 sibi
590 755 735 842 vixerat,
759 755 855 824 soluti
877 759 1021 850 parentis
1041 761 1165 832 vocalis

105 859 209 928 faetus
226 873 285 929 est.

158 989 190 1059 7.
215 964 342 1034 Eadem
364 965 482 1034 caritas
508 964 617 1061 italico
646 963 752 1034 bello¹
773 968 964 1061 pinnensem
991 969 1163 1062 juvenem,

105 1070 156 1137 cui
176 1069 307 1140 Pultoni
325 1085 395 1140 erat
412 1095 612 1166 cognomen,
635 1085 727 1142 tanto
749 1075 849 1142 animi
870 1077 1081 1169 corporisque
1104 1104 1161 1146 ro·

105 1174 183 1243 bore
203 1177 360 1263 armavit,
380 1191 418 1246 ut
438 1202 540 1270 quum
559 1177 698 1246 obsessae
718 1179 808 1249 urbis
826 1204 892 1249 suae
914 1178 1062 1250 claustris
1081 1208 1162 1278 prae-

105 1280 239 1364 siderct‚
262 1297 295 1351 ct
310 1306 465 1354 romanus
483 1285 662 1376 imperator
680 1298 806 1377 patrem
828 1286 898 1378 ejus
921 1289 1108 1379 captivum,
1129 1291 1162 1358 in

104 1401 283 1480 conspectu
309 1390 409 1482 ipsius
438 1390 669 1474 coustitutum,
696 1389 859 1460 destrictis
885 1389 1025 1461 militum
1048 1391 1162 1487 gladiis

105 1492 391 1580 circumdedisset,
418 1499 604 1563 occisurum
629 1519 666 1562 se
692 1497 863 1584 minitans,
893 1503 961 1566 niti
986 1503 1165 1593 irruptioni

102 1620 175 1664 srcoe
197 1605 263 1667 iter
281 1598 509 1694 proebrn'sset,
540 1599 627 1678 solus
651 1625 669 1668 e
692 1602 842 1670 manibus
868 1627 978 1672 senem
999 1607 1163 1699 rapuerit3

104 1700 225 1796 duplici
238 1706 360 1798 pietate
376 1705 622 1794 memorandus,
643 1707 732 1802 quod
750 1722 783 1778 et
800 1709 901 1802 pntris
919 1715 1083 1798 servator,
1101 1736 1163 1780 nec
1270 1801 1273 1808 1

103 1811 216 1900 patriae
232 1809 332 1878 fuerit
347 1809 503 1906 proditor.

470 2001 690 2092 CAPUT
721 2007 775 2092 V.

378 2197 433 2262 De
454 2194 684 2265 benevolentia
691 2196 864 2285 fraterna
875 2195 896 2265 ².

107 2380 124 2410 1.
142 2365 168 2409 P.
180 2362 284 2410 Africani
302 2364 403 2424 mojoris.
419 2391 451 2400 -
467 2380 490 2412 u.
502 2367 538 2414 Μ.
555 2365 620 2422 rapti
630 2365 741 2414 Vibulsni
752 2381 800 2414 eos.
813 2393 844 2402 -
858 2367 880 2414 3.
893 2369 929 2414 rt.
946 2369 1039 2418 Cende
1054 2372 1164 2434 Augusti.

133 2469 163 2478 —
178 2452 203 2498 t.
216 2443 299 2490 stitus
315 2444 444 2503 cujusdam.

154 2607 251 2673 Hane
272 2589 459 2672 caritatem³
477 2603 648 2696 proximus
669 2603 819 2671 fraternae
837 2603 1072 2674 benevolentiae
1087 2632 1160 2701 gra:

104 2709 163 2778 dus
191 2710 331 2804 excipit3
358 2733 434 2777 nam
462 2723 499 2778 ut
529 2711 647 2778 merito
673 2711 817 2804 priniurn
843 2711 962 2818 amoris
991 2712 1158 2782 vinculum

104 2909 210 2962 homine
230 2911 299 2974 sint,
309 2910 417 2976 forrum
432 2927 495 2962 vero
513 2907 541 2964 in
562 2908 608 2972 iis,
693 2907 719 2962 3.
742 2906 884 2960 Caritanm.
910 2907 1018 2977 Pighius
1039 2913 1159 2981 reposuit

105 3008 161 3060 quo
176 2987 273 3042 deinde
291 2989 392 3042 homini
410 2989 608 3060 superveniunt,
648 2990 775 3057 pietatem,
786 3004 868 3056 quum
882 2997 967 3042 temen
977 2985 1054 3040 codd.
1066 2991 1158 3062 scripti

104 3069 198 3139 Neque
209 3080 296 3125 tamen
310 3066 449 3128 discrimen
462 3065 532 3120 istud
545 3085 610 3120 sem·
652 3063 685 3118 sd
703 3084 786 3118 unum
801 3083 910 3132 omnes,
931 3078 959 3118 et
983 3085 1072 3120 omues
1092 3069 1157 3124 editi

105 3167 152 3218 per
162 3144 304 3202 attendunt
315 3147 463 3217 scriptores.
475 3147 516 3202 Ci.
527 3146 608 3211 infra,
651 3148 773 3196 caritatem
792 3144 945 3210 exhibeant,
964 3145 1043 3210 Quod
1065 3149 1157 3204 melius

105 3229 159 3292 vt,
178 3245 188 3278 r
201 3264 209 3289 ,
227 3243 251 3278 1.
652 3224 730 3278 etiem
742 3225 905 3278 benovolentia
913 3223 1069 3295 respondet,
1078 3245 1157 3298 quum

147 3325 171 3359 r.
188 3305 276 3360 Italico
287 3303 356 3356 bello.
366 3303 476 3366 Sosidi,
489 3321 542 3372 qno
553 3302 612 3356 Sul-
650 3308 769 3373 pietatem.
787 3305 885 3356 Auctor
900 3304 928 3356 in
943 3305 991 3358 hnc
1003 3306 1157 3376 prelatione

105 3388 136 3440 ts
155 3387 255 3454 legatus
280 3384 426 3438 Mamercus
447 3381 528 3434 Italos
549 3383 612 3434 vicit
653 3384 766 3436 maxime
774 3383 861 3454 ipsum
869 3383 975 3454 respicit
984 3403 1158 3438 amorem.-

106 3485 166 3520 cum
176 3465 265 3516 Silone
279 3461 411 3535 Popedio‚
427 3479 520 3514 eorum
534 3459 611 3514 duce.
653 3463 781 3514 Proximus
849 3463 949 3532 gredau.
964 3463 1031 3516 Sunt
1046 3465 1155 3536 utique,

105 3549 156 3600 An.
179 3543 215 3596 U.
237 3545 302 3606 664.
328 3574 363 3584 -
384 3543 531 3596 Pinnensem.
547 3541 611 3594 Pin·
654 3543 1005 3613 quopropinquiorcssimus
1014 3545 1156 3614 sangiune,

107 3640 200 3678 nenses
214 3621 329 3686 Plinius,
344 3621 398 3684 111,
416 3639 448 3676 ts
459 3659 468 3686 ‚
478 3621 506 3674 in
519 3632 611 3692 quarto
653 3621 748 3677 amoris
759 3620 862 3691 grndm.
875 3623 938 3676 Post
946 3634 1065 3692 parentes
1075 3624 1156 3695 igitur

107 3704 188 3757 Italic
202 3700 310 3774 regione
325 3701 418 3772 ponit,
432 3699 549 3772 dicitque
568 3718 612 3768 eos
653 3719 708 3752 non
729 3703 814 3771 major
828 3699 953 3764 debetur,
973 3719 1051 3771 quom
1068 3704 1157 3758 fratri·

107 3783 280 3838 Vestinorum
295 3793 399 3852 gentem
407 3781 550 3834 esse-E
561 3799 612 3831 nia·
653 3781 703 3833 bus
725 3793 803 3850 atque
824 3780 977 3843 sororibus,
999 3781 1157 3852 quibuscum

108 3863 184 3916 nidos.
202 3860 331 3914 Nonnulli
349 3858 450 3918 addunt
464 3877 552 3912 eorum.
654 3859 764 3923 nutriti,
778 3857 893 3923 educati,
905 3859 1016 3914 instituti
1025 3873 1051 3912 et
1060 3859 1093 3912 sd
1102 3861 1157 3912 vir·

150 3961 175 3995 n.
198 3942 237 3993 Dc
259 3940 415 4000 benevolentia
429 3939 550 4006 fraterna.
573 3938 614 3990 Itu
654 3951 738 3990 tutem
755 3938 859 3990 formati
878 3957 985 4002 sumus,
1004 3939 1051 4008 qui
1069 3938 1159 4010 proxi·

109 4019 217 4091 Pighius
236 4017 318 4074 dedit.
336 4020 442 4075 Cretera
462 4016 536 4072 editt.
552 4035 613 4070 cum
655 4019 692 4070 rni
701 4017 763 4070 socii
771 4017 1159 4072 omnianobiscumeommunia

109 4099 242 4170 plerisque
261 4099 337 4156 MSS.
358 4099 458 4158 hebent
478 4098 508 4152 de
526 4101 615 4170 pictate
657 4097 826 4164 habuerunt3
847 4115 961 4168 quorum
987 4116 1054 4168 sepe
1077 4116 1159 4162 curs,

110 4197 168 4247 erga
177 4181 278 4245 smera.
627 4203 631 4216 ·
658 4195 753 4247 nempe
766 4188 831 4230 netu
842 4179 972 4248 majorum
984 4215 991 4245 ,
1005 4177 1082 4232 nobis
1096 4195 1159 4249 pro·
1253 4219 1257 4228 ,
