3190 5122
377 527 487 598 CAP.
514 527 598 616 III,
625 529 695 596 DE
722 527 995 614 INGRATIS.
1145 526 1218 598 361

149 661 404 758 rempublicam,
420 661 476 730 sed
489 686 582 755 paene
597 661 666 753 jam
681 683 880 755 exsanguem
896 675 994 754 atque
1008 659 1222 750 morientem,

150 771 361 864 Carthaginis
380 768 548 837 dominam
562 767 704 835 reddidit
718 793 725 834 :
740 768 834 860 cujus
846 767 1026 836 clarissima
1039 765 1159 862 opera'
1175 770 1221 836 in·

144 879 239 972 juniis
271 875 456 970 pensando,
483 877 571 944 cives
598 873 750 968 ignobilis
768 899 844 942 eum
868 899 907 942 ac
936 874 1072 942 desertae
1091 873 1220 968 paludis

148 983 295 1053 accolam
325 983 499 1066 fecerunt,
525 982 661 1074 ejusque
682 980 860 1050 voluntarii
884 980 987 1049 exsilii
1005 981 1219 1050 acerbitatem

148 1116 216 1158 non
234 1092 353 1158 tacitus
372 1089 413 1157 ad
433 1088 556 1156 inferos
577 1087 668 1175 tulit,
687 1086 838 1182 sepulcro
861 1112 920 1156 suo
946 1089 1079 1156 inscribi
1099 1088 1218 1180 juben-

148 1196 229 1265 do':
253 1219 424 1266 rucanas..
453 1219 594 1264 aarum.
617 1220 672 1264 nu.
696 1218 788 1265 ossa.
810 1218 960 1277 ernsn.
986 1217 1072 1262 uss.
1094 1217 1218 1264 usses.

149 1303 239 1391 Quid
265 1305 325 1370 ista
349 1317 406 1368 aut
428 1301 621 1368 necessitate
643 1301 826 1392 indignius,
852 1316 910 1368 aut
933 1299 1065 1394 querela
1081 1299 1217 1391 justius,

149 1423 207 1476 aut
229 1408 352 1476 ultione
374 1390 613 1474 moderatius³l
634 1407 768 1473 Cineres
795 1407 823 1472 ei
847 1432 923 1474 suos
947 1407 1094 1500 negavit,
1118 1431 1218 1499 quam

148 1517 182 1582 in
204 1517 346 1583 cinerem
375 1511 494 1580 collabi
517 1535 630 1603 passus
648 1535 716 1578 non
739 1512 860 1595 fuerat3
886 1513 986 1604 igitur
1008 1511 1095 1580 hana
1117 1537 1218 1580 unam

149 1623 311 1715 Scipionis
329 1619 508 1686 vindictam
524 1617 642 1709 ingrati
661 1618 760 1685 aniani
778 1618 857 1686 urbs
873 1606 997 1686 Romu⁴
1015 1619 1133 1703 sensit,
1149 1643 1218 1686 ma·

145 1728 253 1821 jurem
276 1723 464 1793 mehercule
487 1722 655 1792 Coriolani
675 1723 846 1791 violentia:
865 1724 918 1792 ille
938 1725 1024 1792 enim
1046 1739 1136 1793 metu
1160 1749 1217 1818 pa·

149 1835 246 1902 triam
266 1831 422 1926 pulsavit,
440 1830 494 1899 hic
515 1829 734 1900 verecundia:
753 1831 794 1898 de
813 1855 877 1923 qua
899 1856 940 1898 ne
958 1817 1069 1924 queri⁵
1085 1830 1217 1924 quidem

149 1932 262 2027 (tanta
284 1953 334 2006 est
355 1962 442 2006 verse
467 1937 595 2031 pietatis
619 1931 824 2024 constantia)
848 1937 910 2004 nisi
932 1951 1008 2031 post
1030 1937 1097 2006 fata
1119 1940 1218 2006 susti·
1272 2026 1279 2040 .

149 2046 231 2112 nuit.
249 2044 341 2112 Talia
360 2067 473 2138 passo,
490 2043 605 2130 credo,
625 2069 697 2138 quae
717 2044 809 2112 fratri
824 2043 894 2135 ejus
916 2043 1079 2130 accidere,
1101 2043 1217 2114 solatio

149 2176 221 2225 ,esse
240 2135 453 2245 potuerunt⁶:
475 2152 527 2218 cui
548 2175 606 2218 rex
628 2150 811 2218 Antiochus
832 2149 997 2234 devictus,
1018 2163 1052 2218 et
1068 2151 1144 2218 Asia
1161 2151 1217 2220 im-

149 2259 243 2353 perio
254 2257 369 2352 populi
380 2258 509 2326 romani
520 2255 664 2351 adjecta,
681 2257 1001 2351 speciosissimusque
1014 2257 1217 2350 triumpbuS,

149 2477 193 2511 ces
204 2459 458 2531 aliquotcoacassam,
472 2456 597 2509 varietate
609 2456 660 2520 ire·
704 2469 824 2508 mentum
843 2454 876 2508 ad
902 2468 1006 2528 portam
1027 2458 1160 2529 Capenam
1190 2457 1216 2510 ei

149 2540 250 2610 quenti.
268 2572 304 2581 -
319 2538 485 2607 Carthaginis.
496 2537 587 2602 Quum
597 2537 660 2589 Car·
703 2537 817 2601 lactum,
827 2549 852 2589 et
865 2549 917 2590 tres
930 2549 1026 2590 statuas
1038 2538 1215 2608 superlocatas

149 2620 229 2689 thago
250 2631 316 2671 esset
336 2618 431 2670 Africae
459 2615 580 2678 domina,
609 2617 659 2669 hac
703 2617 909 2682 inhaeserunt,
931 2636 1042 2688 quarum
1063 2615 1123 2669 duae
1140 2619 1169 2670 P.
1187 2630 1214 2670 et

147 2697 368 2762 deleta,llomani
379 2697 473 2750 Africae
481 2696 585 2749 domini
597 2697 659 2749 lacti
703 2697 734 2749 L.
751 2697 907 2767 Scipionum
919 2694 1042 2750 dicautur
1056 2716 1124 2762 esse,
1138 2699 1213 2750 tertia

148 2791 218 2831 sunt.
236 2781 317 2830 Recte
338 2779 418 2849 igitur
443 2777 600 2846 Carthaginis
616 2796 658 2828 re·
702 2776 784 2828 Ennii
806 2777 1047 2848 poetae.Vulgatior
1070 2778 1137 2829 lama
1158 2789 1214 2846 est,

149 2861 239 2928 posuit
256 2859 393 2923 Veratius,
410 2876 492 2928 quum
509 2857 617 2927 Pighius
632 2869 659 2909 et
701 2857 822 2909 Linterni
840 2857 992 2909 Africanum
1010 2869 1158 2921 mortuum,
1170 2877 1215 2910 cu·

150 2939 261 2992 Colerus
273 2937 407 2990 dedissent
422 2937 525 3004 Africae.
700 2939 743 3006 jus
755 2949 971 3000 monumentum,
989 2949 1141 3007 tempestate
1158 2935 1212 2989 dis·

194 3037 218 3069 1.
230 3017 304 3086 Cujus
314 3019 445 3068 clarissima
454 3037 538 3087 opera,
548 3029 597 3070 etc.
607 3017 659 3071 An.
700 3018 815 3088 jectum,
829 3017 920 3069 Livius
937 3035 964 3069 se
976 3015 1073 3068 vidisse
1094 3027 1211 3073 testatur.

150 3097 185 3150 U.
204 3097 268 3149 566.
284 3097 343 3149 Liv.
358 3098 473 3157 XXXV,
491 3097 540 3162 ὄπ,
559 3096 605 3150 56.
618 3129 659 3139 -
743 3096 770 3149 3.
782 3096 877 3148 Ultiane
890 3097 1042 3148 moderatius.
1054 3095 1212 3162 Nouenim,

151 3175 228 3228 Cives.
244 3175 294 3227 Alii
311 3176 409 3228 habent
424 3195 430 3228 :
445 3181 504 3227 cives
521 3179 579 3229 aiei.
593 3177 658 3229 Lin-
702 3189 732 3228 ut
747 3174 905 3228 Coriolanus
923 3188 968 3228 aut
989 3173 1162 3242 Alcibiades,
1183 3176 1210 3228 vi

151 3257 222 3308 terni
237 3255 307 3307 enim
329 3255 418 3326 Scipio
433 3267 575 3308 extremam
594 3275 659 3309 con·
707 3256 833 3327 injuriam
846 3253 1033 3310 vindicandam
1048 3255 1149 3308 statuit.

149 3336 261 3406 sumpsit
277 3347 393 3395 etatem,
420 3335 521 3386 omissis
548 3348 659 3406 propter
742 3336 935 3400 Allrbsllama.
946 3335 1054 3406 Septem
1065 3333 1142 3386 MSS.
1152 3353 1213 3388 cum

150 3415 299 3484 aliquorum
321 3415 480 3466 simultatem
506 3414 659 3485 reipublicae
702 3413 744 3468 ed.
767 3417 840 3486 Mag.
862 3417 917 3468 urbs
932 3434 1051 3476 mmanar
1066 3427 1096 3466 ut
1117 3415 1212 3487 sepius

148 3494 659 3566 negotiis.Aliivicnmignobilemprope
701 3495 821 3567 loquitur
834 3495 938 3550 Noster.

149 3573 310 3624 Linternum
325 3574 482 3644 intelligunt.
498 3573 540 3626 Sic
551 3575 660 3626 clarissi·
744 3576 769 3629 5.
792 3576 831 3626 De
845 3593 892 3646 qua
905 3593 935 3626 ne
950 3576 1025 3645 queri.
1042 3573 1108 3626 Fere
1119 3593 1210 3628 omnes

149 3653 186 3704 mi
209 3653 410 3706 Atheniensium
426 3653 478 3706 viri
497 3672 567 3724 saepe
586 3667 658 3707 extra
701 3653 779 3706 codd.
788 3653 866 3705 Mss,
876 3671 938 3706 cum
951 3651 1212 3724 ed.Mog.Dequare

149 3730 268 3784 invidam
291 3745 317 3784 et
335 3733 465 3803 ingratam
483 3735 595 3804 paulam
618 3751 658 3786 se·
701 3731 1212 3806 neqneri.Nihilmutandum.Deqnare·

149 3811 211 3864 dem
226 3811 544 3882 quasiveruntNideatur
556 3813 656 3884 Nepos,
701 3811 840 3865 ferendum
850 3825 889 3865 est
898 3811 931 3864 ad
938 3810 1088 3884 praecedens
1094 3817 1208 3882 patriam.

153 3893 220 3956 XII,
232 3894 263 3956 8,
276 3893 304 3943 in
320 3893 382 3944 fine.
743 3897 769 3946 6.
793 3892 865 3944 Talia
879 3932 936 3946 ......
946 3903 1084 3962 potuerunt.
1101 3890 1135 3946 ld
1152 3905 1210 3964 est„

192 3971 339 4042 2.Sepalcro
349 4012 404 4026 ......
408 3971 523 4042 jubendo.
531 3972 575 4024 Sic
586 3972 658 4024 euim
702 3972 750 4024 etsi
765 3983 864 4024 tantam
886 3971 1010 4043 injuriam
1028 3990 1119 4042 passus
1140 3985 1208 4039 erat,

149 4053 394 4106 intestamentosuo
402 4064 571 4124 praeceperat.
580 4052 657 4118 Sunt,
701 4063 790 4104 tamen
801 4051 950 4104 existimare
961 4063 1078 4123 poterat,
1095 4053 1209 4123 benigne

149 4131 196 4200 qui
208 4131 458 4198 dicant,mortuum
470 4135 579 4185 Romam
591 4133 657 4186 rela-
701 4150 790 4185 secum
801 4143 888 4184 acuam
896 4169 905 4197 ,
914 4132 976 4204 quia
985 4151 1040 4185 non
1053 4143 1106 4186 mm
1119 4132 1208 4205 gravia

149 4223 220 4280 tum3
235 4224 262 4266 et
274 4211 307 4266 ad
318 4213 397 4286 hujus
408 4214 447 4268 rei
463 4211 544 4268 fidem
559 4231 655 4266 monu-
699 4213 858 4285 pertulerat,
872 4231 952 4286 quam
963 4213 1052 4278 ¹irater.
