3190 5122
412 541 487 626 340
605 535 832 607 VALERII
861 535 1070 604 MAXIMI
1103 535 1198 602 LIB.
1234 535 1276 602 V.

408 675 444 742 in
467 669 647 765 conspicuo
670 669 773 754 acies,
790 691 856 761 qua
874 679 1060 760 prostratus
1082 679 1132 734 est
1151 667 1283 752 Perses,
1308 682 1342 736 et
1361 669 1477 737 harum

408 805 537 866 rerum,
553 801 633 870 quas
652 773 764 862 retuli,
784 787 973 860 contextus;
992 787 1068 842 utro
1087 773 1191 865 magis
1211 773 1402 866 spectaculo
1423 775 1477 844 de-

409 885 594 969 lactentur,
624 882 774 950 homines
810 879 1036 950 dubitabunt:
1061 902 1139 948 nam
1170 881 1196 947 si
1230 883 1400 975 egregium
1430 899 1477 951 est

409 993 539 1065 hostem
552 989 710 1083 abjicere,
722 1013 791 1058 non
806 988 914 1056 minus
925 1001 1035 1056 tamen
1050 983 1380 1072 laudabile‚infelicis
1396 991 1476 1058 scire

409 1099 566 1168 misereri.

463 1231 496 1300 9.
522 1207 601 1272 Haec
623 1205 661 1271 L.
682 1198 787 1270 Paulli
810 1199 999 1268 humanitas
1023 1197 1180 1266 admonet
1198 1223 1267 1284 me,
1288 1225 1331 1268 ne
1350 1199 1393 1268 de
1411 1204 1472 1271 Cn.

408 1309 573 1406 Pompeii¹
595 1307 769 1378 clementia
791 1321 942 1374 taceam:
966 1327 1078 1399 regem
1102 1305 1267 1374 Armeniae
1284 1307 1473 1401 Tigranem,

407 1421 465 1514 qui
481 1432 515 1488 et
528 1441 588 1512 per
610 1440 644 1484 se
661 1437 871 1506 magnacum
892 1409 1018 1508 populo
1037 1433 1175 1479 romano
1195 1411 1282 1480 bella
1299 1429 1445 1506 gesserat
1453 1413 1474 1500 ²,

407 1541 442 1596 et
458 1523 706 1594 infestissimum
722 1519 798 1588 urbi
816 1533 937 1588 nostrae
950 1517 1178 1586 Mithridatem
1195 1519 1303 1588 Ponto
1324 1519 1473 1613 pulsum,

405 1632 534 1702 viribus
556 1630 622 1700 suis
650 1639 855 1722 protexerat,
876 1626 910 1692 in
935 1638 1116 1719 conspectu
1138 1648 1199 1694 suo
1224 1625 1346 1694 diutim
1362 1628 1473 1720 jacere

406 1737 591 1832 supplicem
606 1758 721 1829 passus
740 1757 808 1800 non
825 1746 891 1819 est3
904 1731 961 1800 sed
976 1731 1125 1825 benignis
1140 1731 1249 1801 verbis
1274 1748 1472 1817 recreatum,

405 1828 589 1929 diadema³‚
609 1839 699 1935 quod
716 1839 899 1932 abjecerat,
918 1839 1018 1932 capiti
1043 1861 1204 1932 reponere
1219 1839 1320 1930 jussit
1337 1867 1345 1907 ε
1364 1843 1472 1908 certis·

406 1977 470 2046 que
492 1949 591 2018 rebus
604 1950 789 2043 imperatis,
809 1949 843 2014 in
863 1946 1038 2039 pristinum
1062 1944 1203 2014 fortunae
1219 1945 1370 2014 habiturn
1389 1949 1473 2016 resti·

405 2060 485 2144 tuit3
506 2079 598 2149 aeque
613 2053 791 2149 pulchrum
810 2077 880 2121 esse
899 2051 1069 2144 judicans,
1094 2066 1128 2119 et
1147 2053 1280 2121 vincere
1302 2079 1422 2148 reges,
1442 2068 1470 2121 et

406 2164 524 2233 facere.
670 2173 672 2182 '

465 2293 520 2338 ro.
532 2269 641 2356 Quam
653 2265 848 2360 praeclarum
862 2265 991 2334 tributae
1003 2265 1218 2334 humanitatis
1233 2266 1402 2360 specimen
1414 2269 1469 2336 Cn.

405 2361 621 2468 Pompeiusll
638 2397 737 2466 quarn
751 2369 934 2440 miserabile
946 2371 1136 2440 desideratae
1153 2371 1239 2440 idern
1252 2375 1359 2442 evasit
1372 2399 1472 2441 esern-

405 2478 514 2575 pluml
537 2504 614 2547 nam
639 2479 695 2570 qui
713 2479 864 2570 Tigranis
889 2493 1040 2572 tempora
1066 2480 1184 2571 insigni
1207 2481 1299 2572 regio
1331 2494 1471 2556 texerat,

406 2587 476 2680 ejus
494 2599 594 2684 caput
613 2583 717 2652 tribus
730 2586 861 2654 coronis
879 2571 1152 2680 triumphalibus⁵
1169 2583 1346 2679 spoliatum
1364 2587 1397 2654 in
1415 2611 1471 2654 suo

405 2691 506 2764 modo
531 2707 694 2762 terrarum
713 2691 808 2777 orbe,
825 2716 988 2785 nusquam
1011 2689 1188 2786 sepulturae
1211 2691 1322 2762 locum
1344 2693 1470 2774 habuit,

450 2905 475 2939 a.
493 2886 539 2936 Cn.
555 2883 672 2954 Pompeii.
688 2885 738 2936 An.
754 2883 790 2936 U.
807 2883 874 2952 687.
963 2881 1121 2954 demptum,
1136 2883 1260 2954 alligandi
1277 2883 1472 2936 vulneriscaus·

449 2985 476 3017 a.
493 2965 715 3032 Qui.....gesserat.
730 2963 797 3014 Nam
813 2961 920 3014 Mithri·
963 2981 1004 3026 sa,
1014 2963 1092 3033 capiti
1104 2964 1254 3033 Lysimachi
1265 2963 1470 3036 imposuitVid

406 3043 794 3113 datemrestituturus‚ingenti
804 3043 920 3095 exercitu
962 3043 1059 3094 Justin.
1077 3043 1147 3106 XV,
1164 3044 1194 3107 ὃς
1211 3041 1262 3096 Sed
1287 3045 1366 3097 variar
1386 3057 1470 3096 naseu

406 3137 572 3196 comparato,
590 3137 649 3195 post
663 3124 763 3194 aliquot
777 3121 863 3175 clades
877 3141 919 3175 ac·
962 3120 1221 3176 erantdiadematnm
1233 3125 1334 3177 forme.
1343 3125 1471 3176 Armenia

406 3218 509 3277 septas,
523 3203 629 3257 tandem
641 3203 724 3272 copiis
737 3203 919 3256 Romanorum
962 3219 1054 3271 mpsim
1067 3201 1189 3256 diadema
1198 3216 1223 3256 et
1233 3199 1346 3273 κίδαρις,
1357 3207 1470 3276 itemque

406 3285 560 3340 victricibus
571 3283 749 3354 gravissimam
764 3281 864 3334 cladem
877 3283 919 3334 in·
963 3281 1054 3352 strips,
1079 3284 1249 3354 appellatum.
1276 3286 1397 3355 Apparet
1419 3288 1470 3357 ejus

406 3367 511 3417 tulerat.
534 3362 586 3416 Sed
607 3361 749 3431 Pompeius
771 3363 826 3431 ejus
849 3362 919 3414 vires
962 3361 1048 3414 forma
1061 3363 1089 3414 iu
1102 3365 1217 3436 antiquis
1232 3365 1357 3417 nummis.

406 3445 523 3515 infregit.
534 3445 661 3506 Araunia,
674 3442 743 3494 Asia
751 3442 836 3511 regio,
850 3441 919 3496 inter
1004 3448 1030 3504 d.
1053 3441 1100 3494 Cn.
1120 3443 1255 3514 Pompeius.
1278 3445 1329 3496 An.
1354 3445 1391 3497 U.
1408 3445 1467 3515 705.

406 3523 526 3575 Taurum
535 3536 561 3574 et
573 3524 718 3576 Caucasum
729 3521 777 3572 sita
788 3533 816 3572 et
828 3539 842 3572 a
852 3521 919 3592 Cap·
963 3519 1025 3572 vid.
1036 3523 1149 3593 Appian.
1164 3521 1241 3574 Civil.
1252 3523 1407 3587 113Luean.
1418 3525 1469 3587 IX,

406 3601 518 3675 padoeia
540 3599 677 3673 usquead
699 3601 823 3671 Caspium
844 3619 918 3654 mare
966 3601 1057 3667 10383
1071 3603 1152 3655 Dion.
1166 3603 1208 3669 X,
1222 3603 1308 3656 XLII.

405 3695 540 3754 protensa.
551 3713 592 3724 -
607 3683 637 3733 In
651 3692 773 3751 conspecta
783 3719 789 3733 .
798 3720 803 3732 .
812 3721 817 3732 .
873 3693 916 3734 est.
1003 3681 1036 3733 5.·
1062 3681 1147 3734 Treta
1167 3688 1260 3735 aaronis
1281 3681 1465 3753 triumphamus

406 3762 486 3815 Plura
495 3762 639 3814 clementias
648 3763 704 3832 ejus
713 3761 831 3832 exempla
839 3761 918 3816 tradit
960 3761 1014 3812 Ter
1033 3762 1103 3814 euim
1120 3763 1261 3836 Pompeius
1278 3761 1467 3834 triumpharat:

405 3844 500 3895 Florus
515 3842 570 3904 Ill,
585 3841 610 3893 5.
960 3839 993 3892 de
1004 3841 1106 3906 Africa,
1120 3841 1188 3895 duce
1203 3843 1290 3914 Syllam
1304 3843 1339 3896 de
1353 3843 1468 3896 Sertorio

449 3924 475 3975 3.
488 3921 617 3974 Dmdema.
631 3919 737 3988 Insigne
750 3921 868 3990 regium,
878 3919 916 3972 la·
959 3933 985 3972 et
1001 3923 1106 3992 piratis;
1125 3922 1231 3976 tandem
1247 3921 1281 3976 de
1303 3921 1466 3976 Mithridate.

405 4003 458 4055 scia
479 4000 592 4055 candida
612 4000 671 4052 fuit.
688 3997 758 4051 ilinc
777 4019 844 4052 uxor
863 3999 915 4052 Mi·
960 3999 1006 4051 His
1020 4001 1104 4054 tribus
1116 4001 1260 4074 triumphis
1272 4001 1306 4055 de
1320 4015 1379 4055 toto
1391 4017 1468 4054 terra·

406 4081 545 4143 thridatis‚
558 4099 641 4151 quum
651 4098 678 4132 se
688 4078 849 4149 suspendere
860 4081 915 4130 vel·
958 4099 1018 4132 rum
1031 4083 1095 4133 orhe
1110 4083 1288 4154 triumphasse
1301 4102 1363 4135 eum
1376 4079 1468 4156 praedi·

405 4161 458 4224 let,
479 4159 601 4212 diadema
617 4179 668 4230 pro
686 4171 754 4211 reste
775 4159 913 4228 corripuit.
958 4161 1195 4214 cerunt—Insuo
1202 4163 1464 4215 modoterraruarorbe.

405 4241 439 4294 Et
452 4237 599 4292 Alexander
607 4241 719 4309 Magnus
730 4236 851 4290 diadema
863 4237 914 4290 sibi
957 4237 1049 4304 Iden,
1063 4241 1106 4294 cui
1116 4241 1198 4294 modo
1205 4245 1382 4313 imperaverat
1391 4243 1466 4295 Pom·
