3196 5122
301 437 409 504 CAP.
437 437 497 522 II,
524 437 592 504 DE
619 436 994 508 FORTITUDINE.
1109 465 1177 537 ¹97

119 569 252 636 virtutis
265 567 424 661 effigiem,
435 581 715 662 repraesentemus.
725 569 840 656 Quum
854 569 1082 639 innumerabili
1098 573 1183 642 mul·

120 673 275 762 titudine,
286 687 320 742 et
330 672 433 744 feroci
446 677 570 768 impetu
580 672 797 744 Nerviorum¹
811 672 960 744 inclinari
972 678 1075 745 aciem
1087 703 1182 750 suam

119 779 263 866 videret,
284 779 428 850 timidius
447 782 606 874 pugnanti
625 778 721 848 militi
743 793 873 848 scutum
895 773 1052 870 detraxit,
1074 810 1179 878 eoque

120 901 227 955 tectus
257 889 415 954 acerrime
443 884 582 980 praeliari
605 885 729 980 coepit:
748 910 814 979 quo
842 886 930 955 sacto
954 888 1179 962 fortitudinem

119 1018 180 1086 per
193 1006 300 1061 totum
314 993 493 1062 exercitum
511 990 661 1078 diffudit,
679 989 909 1086 labentemque
922 993 998 1084 belli
1012 994 1179 1066 loctunam

119 1096 247 1168 divino²
270 1100 368 1167 animi
391 1097 509 1168 ardore
527 1099 678 1168 restituit.
693 1097 791 1178 ,Idem
816 1095 879 1166 alio
896 1085 1027 1192 praelio³
1043 1099 1180 1195 legionis

118 1206 249 1274 Martia
267 1201 473 1299 aquiliferum
487 1203 637 1272 ineundae
658 1203 744 1297 fugae
762 1205 865 1297 gratia
877 1204 946 1297 jam
965 1229 1180 1298 conversum,

118 1310 268 1380 faucibus
289 1311 583 1404 comprehensum,
604 1311 639 1378 in
656 1313 855 1380 contrariam
874 1324 1002 1404 partem
1020 1311 1180 1402 detraxit,

115 1415 351 1510 dexteramque
377 1415 420 1484 ad
435 1416 570 1486 bostem
602 1414 755 1502 tendens,
784 1418 951 1506 Quorsum
977 1432 1029 1501 tu,
1057 1420 1179 1513 inquit,

98 1571 100 1581 .
116 1522 294 1592 abebi’illic
301 1537 461 1592 suntcum
472 1521 594 1616 quibus
601 1521 800 1590 drinr‘camus
807 1509 830 1590 ⁴:
841 1535 874 1590 et
884 1523 1037 1592 manibus
1045 1525 1178 1617 quidem

113 1727 207 1784 gustus
219 1715 342 1768 funebres
357 1711 434 1767 ludos
448 1714 556 1774 laceret.
572 1731 626 1766 me·
668 1744 708 1755 -
726 1713 904 1786 ¹Aqrrilry'erurn.
934 1713 1043 1785 Signum
1066 1716 1177 1786 legionis

114 1793 163 1846 dio
171 1793 215 1846 die
227 1794 301 1847 stella
311 1811 437 1864 apparere
450 1794 504 1848 visa
515 1805 625 1861 est;nn-
669 1793 778 1862 Aquila,
788 1805 814 1846 et
826 1790 934 1863 quidem
950 1794 1030 1846 unius
1045 1814 1111 1852 uua.
1127 1797 1176 1852 ita·

113 1872 151 1926 de
165 1893 227 1926 eum
237 1873 306 1926 inter
314 1873 392 1924 sidera
403 1873 556 1926 uanslatum
571 1874 625 1925 Ro·
667 1889 718 1942 que
733 1891 782 1942 per
801 1872 869 1942 ipsas
887 1873 988 1944 aquilas
1001 1877 1176 1930 numerabant

113 1955 189 2006 mani
198 1950 414 2006 eredebantvid.
426 1953 622 2023 eup.prmf.l.1.
666 1951 790 2021 legiones.
811 1949 913 2022 Aquilai
933 1951 1062 2023 originem
1081 1967 1176 2025 petunt

161 2051 187 2085 r.
207 2032 356 2084 Nerumruns.
373 2031 465 2084 Nervii
484 2043 546 2084 suut
561 2031 623 2085 Gal·
665 2029 711 2084 alii
724 2049 740 2083 a
753 2031 832 2091 Jove,
850 2029 894 2082 alii
909 2049 924 2084 n
937 2031 1066 2102 Trojanis.
1090 2033 1179 2088 Prisci*

112 2113 157 2163 liar
166 2111 331 2182 uanaalpiuae
340 2123 385 2164 aut
392 2110 541 2164 Germania
549 2129 622 2182 gens,
664 2121 751 2162 autern
763 2129 818 2162 non
827 2109 940 2180 aquilam
950 2111 1051 2176 nolum,
1062 2111 1108 2166 sed
1117 2115 1174 2185 plu-

112 2209 168 2262 qua
179 2209 252 2244 nunc
260 2189 474 2260 Mogontinenees
484 2191 538 2242 fere
550 2202 621 2243 eunt.
664 2189 707 2242 res
719 2189 872 2242 animalium
883 2189 1017 2260 rapacium
1030 2205 1075 2245 aut
1085 2193 1114 2244 in
1124 2212 1173 2264 pu-

113 2270 235 2324 Treviris
257 2283 331 2324 erant
345 2269 461 2323 finitimi.
477 2267 540 2322 vid.
557 2270 620 2324 Tac.
663 2286 726 2338 guas
741 2280 862 2320 natorum
874 2269 973 2340 effigies
986 2271 1172 2342 praeferebant,

113 2349 207 2402 Germ.
216 2367 240 2404 c.
251 2345 332 2414 sus.
342 2349 509 2414 63Mela‚11,
520 2367 543 2402 1.
552 2350 622 2402 Den-
663 2359 693 2400 ut
703 2347 794 2420 lupos,
805 2365 899 2418 apros,
911 2366 1000 2419 equos.
1013 2349 1095 2403 Prisci
1106 2351 1171 2406 Ger·

114 2428 228 2482 sissimus
250 2429 400 2482 incolebant
421 2427 516 2493 silvas,
539 2428 620 2499 inque
663 2426 733 2478 mani
745 2444 851 2498 quoque
863 2427 978 2480 ferarum
991 2427 1117 2500 imagines
1127 2431 1169 2484 in-

113 2507 250 2578 prolundo
272 2527 382 2562 nemore
402 2507 464 2560 filiis
486 2520 512 2560 et
531 2509 619 2578 snpel·
662 2505 779 2576 tersigua
787 2505 1104 2578 habebant.qulrevero
1112 2510 1168 2564 brec

111 2587 194 2640 lectili
207 2588 322 2654 collatis,
342 2607 374 2640 ex
388 2587 518 2658 sexaginta
539 2587 618 2644 milli·
660 2583 774 2656 dignitas
797 2586 875 2638 etiam
901 2585 971 2657 apud
995 2587 1057 2640 aliae
1078 2603 1169 2660 gentes

111 2666 162 2720 bus
186 2665 220 2720 ad
249 2667 454 2739 qariugentorum
477 2685 619 2722 numerum
661 2665 720 2719 fuit.
732 2665 817 2718 Persis
826 2665 912 2736 regale
924 2665 976 2718 hoc
990 2665 1102 2738 signum.
1117 2671 1169 2722 Ro-

102 2745 305 2813 redemimus,
325 2761 352 2800 et
371 2766 402 2800 ex
419 2747 552 2818 patriciis,
572 2749 619 2820 qui
661 2765 744 2799 nianae
760 2745 852 2816 aquilae
869 2763 954 2798 aureae
972 2758 1017 2798 aut
1039 2760 1167 2817 argenteae

111 2827 242 2897 sexaginta
260 2845 373 2880 numero
388 2839 476 2892 erant,
489 2839 542 2879 tres
561 2839 618 2878 tan·
653 2826 745 2878 ‚forma
756 2824 812 2877 bec
825 2835 898 2876 erat:
914 2823 1009 2894 pinnas
1024 2825 1168 2881 extendeus

112 2917 170 2958 tum
183 2907 336 2978 superfuere
347 2907 499 2960 incolumes.
516 2905 619 2960 Animis
660 2923 769 2957 summm
781 2904 862 2956 bastm
880 2903 1015 2954 insistebat
1029 2915 1055 2954 et
1066 2905 1167 2958 fulmen

112 2983 179 3038 adeo
193 2986 329 3040 obstinatis
346 2999 373 3040 et
391 2985 619 3057 perseverantibus
660 3001 728 3054 saepe
740 2982 874 3052 unguibus
886 2981 1004 3044 tenebat,
1014 2983 1089 3054 quasi
1096 2986 1168 3054 jacu-

110 3084 228 3136 pugnam
235 3066 466 3132 sustinuerunt‚ut
474 3064 619 3118 exercitum
659 3063 753 3116 latura.
767 3062 799 3114 In
810 3060 929 3113 hibernis
936 3061 1023 3132 aquila
1032 3061 1061 3114 in
1071 3064 1166 3116 sacello

111 3163 190 3216 paene
198 3145 227 3196 in
240 3145 327 3214 lugam
339 3156 619 3198 verterentmamver·
659 3160 706 3196 eeu
726 3139 835 3194 edicula
850 3139 973 3211 reposita.
994 3141 1083 3208 Romae
1099 3160 1166 3214 quo·

111 3243 142 3275 so
160 3223 190 3274 in
201 3223 289 3293 lugam
304 3223 438 3293 equitatu,
453 3223 508 3274 VII
523 3235 549 3276 et
564 3224 618 3276 XII
660 3239 711 3292 qne
722 3221 793 3292 signa
808 3219 836 3272 in
851 3219 951 3291 templo
963 3217 1114 3286 adservata,
1127 3223 1167 3274 ni·

108 3302 229 3373 legiones
244 3302 456 3366 circumvenere,
467 3313 493 3354 et
512 3301 617 3356 uuiver-
660 3299 756 3354 mirum
772 3299 892 3365 Saturni,
906 3299 1040 3371 religionis
1053 3319 1129 3354 causa
1139 3315 1167 3354 et

109 3381 329 3434 enecenturiones
340 3379 514 3434 trucidarunt.
532 3381 618 3435 Cresar
659 3377 799 3444 custodiae;
816 3378 854 3431 ibi
869 3378 939 3430 enim
958 3379 1078 3442 serarium
1098 3393 1163 3434 erat.

111 3473 201 3514 tamen
217 3479 263 3514 eos
281 3459 365 3514 vicit:
380 3458 450 3513 unde
467 3471 560 3512 natum
578 3474 617 3514 est
659 3458 831 3529 Defigietiam
841 3459 974 3512 interram
982 3459 1127 3520 solebat,et
1135 3461 1164 3514 iu

108 3540 282 3613 proverbium
297 3557 303 3592 :
315 3566 326 3584 ι
336 3541 513 3594 Romanorum
528 3557 616 3610 perse-
658 3539 714 3610 ipsa
724 3556 826 3610 pugne,
835 3555 917 3608 quum
927 3549 1006 3590 staret
1014 3549 1163 3606 certamen,

106 3619 227 3674 versutia
245 3619 405 3672 Nerviorum
425 3615 531 3672 tandem
552 3619 616 3672 vicit
658 3636 707 3671 nec
728 3617 907 3688 impelleretur
928 3615 1026 3678 hostis,
1044 3617 1106 3672 etin
1120 3638 1163 3674 ca·

106 3699 288 3771 pervicaciam.
302 3725 313 3748 ι
657 3697 902 3750 suis-Derrarit.
915 3693 1000 3750 Periz.
1012 3697 1117 3766 prefert
1128 3719 1164 3753 re*

150 3800 177 3832 a.
199 3779 297 3835 Divino.
310 3780 342 3832 In
356 3791 470 3850 quatuor
481 3775 615 3831 codicibus
658 3780 748 3838 trualt,
762 3775 814 3828 hoc
827 3774 939 3826 verbum
953 3774 982 3826 iu
994 3773 1123 3845 fugientes
1135 3792 1164 3831 et

110 3859 183 3913 MSS.
195 3871 222 3912 et
230 3857 272 3912 ed.
282 3859 354 3930 Mog.
368 3858 443 3911 dirim
448 3897 455 3920 ‚
466 3855 538 3928 quod
549 3858 616 3910 Tor·
656 3857 724 3927 sugre
737 3874 765 3908 se
783 3865 903 3926 parantes
919 3853 1000 3926 tnagis
1020 3857 1163 3910 convenire

108 3957 164 3993 ren.
178 3939 376 4010 recteprmlert.
656 3949 761 4008 putans.
775 3933 854 3988 eone.
869 3932 917 4008 inf.
929 3933 964 3996 V,
977 3933 1052 3997 8‚t;
1067 3947 1093 3988 et
1105 3935 1163 3994 vid.
1196 3963 1231 4047 p,

149 4019 175 4072 3.
190 4017 250 4070 Auo
261 4019 357 4090 prelio.
373 4018 405 4070 ln
419 4015 506 4070 Africa
522 4028 614 4070 contra
657 4015 728 4068 flor.
737 4014 795 4079 111,
807 4031 859 4082 19,
870 4011 968 4084 73Liv.
979 4011 1107 4082 XXXIV,
1116 4023 1160 4080 14.

107 4096 254 4169 Scipionem
264 4097 384 4170 Pompeii
396 4115 515 4150 socerum
530 4109 612 4170 gesto.
698 4100 724 4160 4.
745 4093 865 4148 Illic
880 4091 1028 4154 dimicamus.
1043 4092 1095 4148 Pro
1113 4096 1162 4148 illie

921 4177 984 4260 13³
1048 4193 1050 4196 ’
