3184 5132
433 551 503 636 148
611 547 835 618 VALERII
871 545 1080 614 ΜΑΧῙΜΙ
1114 547 1211 615 LlB.
1244 548 1296 614 11.

423 684 544 754 citibus
562 683 604 750 ad
627 685 746 752 Poenos
767 679 980 764 transierant,
1002 678 1035 745 in
1058 701 1149 748 suam
1173 693 1369 773 potestatem
1392 681 1493 750 rede·

424 793 539 886 gisset‚
567 791 699 880 gravius
723 789 757 855 in
777 807 949 870 romanos,
966 807 1066 878 quam
1088 785 1121 852 in
1147 781 1281 854 latinos¹
1301 787 1492 883 transfugas

424 895 664 966 animadvertit.
684 891 772 962 Hos'
785 893 873 960 enim
892 905 1057 984 tamquam
1086 893 1199 984 patriae
1213 891 1368 986 fugitivos
1382 897 1490 962 cruci·

423 1003 486 1074 bus
501 1001 621 1087 affixit,
635 999 707 1070 illos
725 1013 893 1092 tamquam
913 996 1057 1092 perfidos
1075 998 1181 1066 socios
1199 1001 1305 1067 securi
1317 1003 1488 1092 percussit.

423 1111 501 1179 Non
520 1131 700 1202 prosequar
715 1105 780 1174 hoc
799 1104 923 1172 sactum
941 1102 1094 1190 ulteriuS,
1107 1117 1141 1172 et
1158 1105 1234 1198 quia
1249 1107 1409 1200 Scipionis
1420 1121 1489 1190 est,

422 1229 455 1284 et
473 1217 550 1309 quia
568 1237 706 1282 romano
726 1211 894 1304 sanguini,
917 1211 1067 1304 quamvis
1086 1211 1204 1278 merito
1222 1235 1397 1308 perpesso,
1418 1237 1486 1280 ser-

423 1306 506 1390 vile³
533 1319 731 1415 supplicium
755 1305 931 1386 insultare*¹
949 1341 1016 1384 non
1040 1317 1171 1399 attinet,
1187 1341 1288 1412 quum
1303 1321 1485 1412 praesertim

420 1429 560 1497 transire
582 1426 624 1494 ad
646 1449 683 1492 ea
710 1423 821 1508 liceat,
846 1447 919 1516 quae
939 1424 1007 1491 sine
1032 1421 1213 1490 domestico
1235 1421 1371 1494 vulnere
1394 1439 1486 1520 gesta

420 1536 547 1602 narrari
566 1545 713 1626 possunt.

479 1637 533 1710 13.
550 1643 634 1706 Nam
649 1619 828 1732 posterior⁵
847 1634 1038 1718 Africanus,
1059 1657 1174 1702 everso
1190 1635 1310 1729 punico
1329 1637 1483 1730 imperio,

419 1761 606 1814 exterarum
628 1743 775 1837 gentium
793 1739 994 1835 transfugas,
1016 1741 1049 1806 in
1067 1739 1201 1809 edendis
1218 1739 1343 1836 populo
1362 1757 1483 1836 spocta-

420 1851 518 1936 culis,
541 1851 618 1919 leris
641 1849 751 1918 bestiis
773 1847 901 1940 objecit.

478 1961 532 2042 td.
546 1959 589 2026 Et
598 1959 635 2026 L.
647 1939 797 2024 Paullus⁶
810 1956 908 2020 Perse
920 1975 997 2046 rege
1009 1965 1178 2046 superato,
1193 1951 1338 2045 ejusdem
1354 1955 1481 2048 generis

417 2079 450 2132 et
468 2063 574 2157 culpae
595 2063 745 2131 homines
759 2058 941 2153 elephantis
957 2057 1174 2152 proterendos
1192 2059 1371 2128 substravit
1389 2085 1399 2146 ;
1418 2061 1480 2128 uti·

416 2169 539 2239 lissimo
552 2168 684 2262 quidem
696 2165 864 2258 exemplo,
881 2167 906 2234 si
922 2179 1032 2234 tamen
1047 2179 1119 2232 acta
1133 2163 1478 2234 excellentissimorum

416 2277 564 2344 virorum
581 2273 748 2342 humiliter
763 2272 923 2340 aestimare
944 2271 1013 2339 sine
1032 2269 1210 2340 insolentie
1225 2271 1479 2364 reprehensione

417 2381 643 2476 permittitur:
670 2401 788 2470 aspero
808 2379 895 2444 enim
917 2390 950 2445 et
966 2377 1096 2446 absciso
1116 2377 1339 2472 castigationis
1359 2401 1478 2472 genere

416 2485 565 2554 militaris
590 2481 761 2579 disciplina
782 2481 947 2576 indigct73
967 2484 1044 2578 quia
1064 2483 1150 2552 vires
1172 2485 1271 2552 armis
1294 2499 1447 2554 constant
1468 2507 1476 2550 ε

460 2713 484 2748 ι.
506 2693 614 2745 Latinos.
634 2689 800 2756 Notandum,
822 2691 922 2744 latinos
1013 2711 1038 2746 a.
1054 2693 1116 2746 Heu.
1133 2695 1273 2748 Romanoa.
1289 2693 1333 2748 sic
1349 2695 1417 2749 intra
1432 2696 1476 2750 lib.

418 2789 443 2828 rt
458 2776 556 2828 Italicos
573 2791 640 2845 stupe
654 2773 772 2826 absolute
790 2775 865 2823 socios
881 2791 925 2843 ap·
968 2773 1060 2837 111,c.
1078 2793 1108 2838 a,
1128 2793 1154 2826 n.
1177 2791 1205 2839 t;
1221 2775 1275 2840 111,
1292 2793 1315 2827 c.
1331 2777 1364 2839 8,
1380 2788 1433 2828 ext.
1450 2796 1473 2827 a.

417 2855 517 2926 pellani.
532 2853 604 2918 Quin
614 2865 640 2904 et
651 2849 791 2924 aliquando
799 2850 887 2903 Latini
899 2864 925 2903 ct
969 2849 1039 2904 Vide
1048 2853 1170 2906 Perizoo.
1180 2851 1474 2916 adSmct.Minerv.11‚

415 2935 501 2988 Italici
510 2931 748 2986 confundebantur.
755 2933 795 2984 Ita
803 2930 925 2982 Valerius
970 2949 1004 3000 9,
1019 2931 1046 2982 iu
1062 2931 1124 2984 line.

418 3013 551 3086 Pelignus,
564 3013 609 3083 qui
623 3012 711 3066 Latini
723 3031 778 3064 uon
790 3023 877 3075 erant,
889 3011 925 3062 ita
1010 3009 1035 3064 3.
1045 3009 1143 3064 Servilo.
1158 3011 1238 3066 Cruci
1251 3011 1323 3082 affigi
1339 3025 1395 3066 erat
1407 3032 1472 3086 pre·

417 3087 927 3164 tumenappellavitLatiumautemdis·
967 3089 1044 3162 cipue
1064 3110 1202 3144 servorum
1221 3091 1388 3163 supplicium.
1405 3091 1473 3145 Vide

418 3175 501 3228 crevit
514 3171 622 3224 Latinos
635 3171 666 3222 ab
684 3170 795 3232 Italicis,
809 3169 854 3238 qui
869 3187 923 3220 nou
968 3169 1087 3240 Lipsiurn
1103 3183 1129 3224 et
1144 3171 1298 3224 salmasium
1313 3170 1348 3224 de
1361 3191 1447 3225 cruce.

418 3267 493 3306 erant
504 3254 531 3304 in
543 3251 634 3302 Latio:
647 3247 730 3300 loedus
741 3249 773 3300 ab
784 3248 815 3298 iis
824 3248 925 3300 civibus
1008 3255 1034 3311 d.
1049 3249 1138 3302 Seri-ile
1151 3251 1290 3320 supplicium
1303 3253 1428 3305 insultare.
1441 3249 1470 3303 ld

417 3332 559 3391 mmanis,
591 3327 637 3399 qui
663 3345 755 3397 agrum
785 3345 924 3378 romanum
967 3339 1018 3392 est,
1033 3329 1473 3403 romnuoaciveairrideredesup·

417 3409 598 3483 possidebant,
612 3405 924 3471 autcolebantinLati03
966 3406 1289 3480 pliciocruciapeqieaao,
1303 3410 1377 3482 quod
1388 3429 1472 3464 nervo·
1556 3467 1557 3473 ¹

416 3495 459 3564 jus
474 3490 543 3543 Latii
560 3489 593 3540 ab
613 3487 644 3538 iia
657 3485 770 3549 Latinis,
783 3485 828 3556 qui
842 3503 924 3556 quum
966 3505 1025 3539 rum
1041 3499 1105 3541 erat.

419 3588 511 3641 agrum
528 3568 640 3620 latinum
655 3577 789 3626 tenerent,
813 3583 867 3616 uon
885 3577 925 3617 ta·
1009 3565 1034 3620 5.
1050 3567 1179 3620 Posterior.
1196 3568 1285 3620 AEmili
1298 3569 1372 3623 Pauli
1388 3569 1469 3630 filius.
1554 3633 1555 3637 Ἰ

419 3667 480 3702 nien
493 3647 561 3699 Latii
571 3649 631 3717 jure
645 3645 808 3698 fruebantur.
823 3644 861 3695 Ex
877 3645 924 3695 soe-
966 3661 1046 3716 quern
1057 3645 1134 3698 etiarn
1143 3647 1312 3700 AEnriliauutn
1325 3647 1469 3704 dixere.-

419 3727 482 3780 dere
496 3739 594 3786 autem,
610 3724 682 3795 quod
695 3741 756 3776 cum
769 3723 868 3776 Latinis
886 3736 924 3776 eat
965 3723 1055 3776 Bestii's
1066 3725 1160 3794 objecit.
1175 3731 1226 3780 An.
1240 3727 1275 3780 U.
1292 3731 1359 3798 607.

418 3823 592 3878 percussum,
620 3807 663 3874 jus
691 3801 757 3856 illud
785 3803 924 3856 emanavit.
1007 3805 1469 3862 cerauniumtttwatttte.

420 3883 500 3950 Quod
515 3897 541 3936 et
554 3886 596 3954 jus
607 3883 675 3936 Latii
687 3883 728 3936 vel
738 3883 864 3934 Latinitas
877 3901 924 3952 ap·
1006 3901 1033 3952 7.
1045 3885 1311 3958 Aspero......i'adiqet.
1325 3887 1469 3960 Imperato-
1551 3877 1552 3885 ἵ

420 3965 550 4037 pellatur,
558 3976 741 4032 atqueoonuat
748 3965 807 4033 jure
816 3959 924 4033 quidem
964 3978 1007 4013 res
1018 3975 1045 4015 et
1057 3961 1137 4016 duces
1148 3966 1310 4018 exercituum
1323 3967 1345 4020 si
1360 3968 1468 4020 militem

419 4043 518 4099 civium
527 4059 696 4095 romanorum
710 4043 789 4094 fuisse
795 4039 923 4104 deterius,
964 4043 1116 4112 quempiam
1129 4063 1143 4096 a
1157 4045 1264 4098 militari
1277 4045 1417 4118 disciplina
1424 4047 1468 4100 de·

420 4123 509 4180 italico
528 4137 591 4172 veru
606 4119 748 4193 aliquando
761 4120 855 4174 molitu
872 4137 925 4171 ma·
964 4121 1108 4174 clinanteiu
1131 4123 1280 4195 punierint,
1310 4128 1414 4180 tametsi
1443 4123 1468 4179 it

419 4203 510 4276 piaque
520 4201 660 4271 integrum.
964 4201 1034 4269 jusu
1048 4214 1076 4253 et
1095 4203 1191 4256 merito
1204 4202 1314 4272 faciant,
1327 4219 1417 4262 tantan
1431 4207 1469 4260 in·
