3218 5128
344 558 705 644 cse.v111‚nn
740 557 1053 628 mrnscunrs.
1185 561 1233 657 73

165 691 353 763 excellentis
368 691 499 779 formae,
508 688 596 760 albis
609 691 700 784 equis
715 689 912 776 residentem
926 690 1043 760 obvios
1056 691 1118 760 sibi
1130 692 1236 764 factos

165 801 334 886 nuntiare,
357 798 414 867 dre
422 851 434 884 ,
456 802 518 892 qui
525 802 764 893 praetert'erat,
787 799 916 866 Persen
936 822 1049 892 regem
1068 821 1093 866 a
1109 801 1236 870 Paullo

160 921 314 1002 captum.
323 905 424 995 Quod
431 929 535 998 quum
544 905 672 973 senatui
682 903 869 991 indicasset,
877 917 1047 1004 tamquam
1058 905 1237 999 majestatis

164 1014 235 1107 ejus
254 1026 288 1082 et
305 1010 530 1106 amplitudinis
547 1034 635 1080 vano
657 1035 810 1080 sermone
828 1023 1054 1106 contemptor,
1073 1014 1107 1079 in
1121 1036 1237 1081 carce-

164 1145 236 1190 rem
264 1120 434 1212 conjectus
447 1115 469 1204 ¹,
495 1131 670 1212 postquam
698 1116 803 1186 Paulli
824 1115 940 1186 litteris
963 1115 1019 1186 illo
1041 1117 1095 1186 die
1114 1119 1237 1188 Persen

165 1241 302 1320 captum
328 1226 498 1320 apparuit,
522 1238 557 1293 et
577 1223 728 1294 custodia
748 1223 919 1311 liberatus,
941 1237 975 1292 et
1000 1225 1136 1319 insuper
1155 1250 1236 1320 agro

165 1347 201 1401 et
215 1332 385 1402 vacatione
399 1331 541 1400 donatus
555 1345 615 1400 est.
628 1333 801 1401 Castorem
816 1355 895 1400 vero
907 1344 941 1398 et
953 1328 1122 1400 Pollucem
1136 1333 1235 1401 etiam

165 1437 223 1509 illo
243 1435 411 1532 tempore²
433 1463 495 1532 pro
511 1439 650 1532 imperio
671 1437 786 1533 populi
804 1439 933 1508 romani
951 1438 1162 1525 excubuisse,
1180 1465 1235 1507 co·

166 1547 296 1639 gnitum
321 1561 390 1632 est,
415 1544 546 1639 quoad
570 1543 679 1614 lacum
699 1547 865 1630 luturnae,
891 1569 988 1614 suum
1010 1567 1237 1639 equorumque

168 1729 250 1799 libate
263 1759 314 1799 etc.
333 1748 476 1800 Reateerat
490 1744 621 1818 oppidum
634 1745 681 1798 Ss-
724 1747 874 1810 omittunt,
898 1765 947 1798 nec
970 1746 1124 1817 requiritur.
1151 1745 1236 1800 Cete-

168 1827 309 1889 binorum,
325 1829 399 1892 cnjus
414 1827 489 1896 origo
507 1823 622 1878 traditur
635 1843 682 1878 ve·
725 1825 802 1888 ruin,
818 1823 892 1896 qnod
908 1823 942 1877 ad
958 1843 1014 1878 rem
1030 1825 1114 1896 ipsam
1129 1825 1237 1888 attinet,

167 1905 321 1958 tristissima.
343 1905 412 1956 Nam
433 1905 595 1976 aborigines,
616 1923 683 1976 quos
726 1903 763 1956 sic
782 1921 889 1975 qnoque
913 1904 1023 1956 Athenis
1043 1903 1236 1958 animadverte·

170 1984 404 2036 dicuntaSabinis
415 1985 481 2036 urbe
490 2003 535 2038 sua
545 1985 617 2036 Lista
626 1984 685 2054 pul·
726 1984 805 2036 batur
819 1981 961 2055 aliquando
982 1983 1011 2036 in
1029 1984 1150 2037 homines
1166 1991 1237 2055 λιγι·

171 2083 230 2124 sos,
249 2083 281 2115 eo
301 2083 356 2116 sese
373 2065 501 2134 recepisse
525 2063 683 2134 Dionysius,
726 2065 825 2128 ποιοὺς,
839 2077 870 2116 nt
885 2063 1005 2135 exemplo
1019 2063 1104 2129 illius,
1121 2064 1167 2136 qni
1182 2064 1238 2136 pri·

169 2143 217 2195 lib.
236 2144 264 2207 1,
281 2155 404 2208 testatur,
420 2143 493 2215 quod
507 2155 568 2198 ante
584 2144 684 2196 bellum
726 2161 786 2196 mus
805 2163 854 2216 per
878 2145 972 2196 urbem
990 2140 1136 2196 diffuderat
1157 2141 1239 2196 cladis

171 2225 307 2294 trojanum
330 2224 427 2276 sactum
444 2243 499 2278 esse
514 2225 572 2278 vult
586 2223 683 2277 Cluve·
725 2223 814 2276 siculss
828 2224 967 2296 nuntium,
979 2221 1058 2276 docet
1076 2223 1187 2277 Casanb.
1203 2221 1238 2276 ad

169 2322 224 2355 rus.
250 2303 411 2356 Miraculum
441 2305 529 2376 ipsum
557 2303 683 2376 explicari
725 2303 1089 2376 'l'beopb.Cbaract.p.er.
1104 2305 1236 2357 -Persera

169 2402 243 2435 nunc
265 2401 333 2454 aegre
352 2396 452 2454 potest,
470 2403 553 2456 quum
574 2401 681 2437 omnem
725 2375 851 2446 Pe'rseus,
865 2379 1186 2455 postremtts'llaeedoniss
1197 2403 1237 2437 re·

169 2463 324 2528 bominum,
336 2481 425 2514 rerum
434 2465 683 2536 temporisqneeon·
724 2483 802 2534 gum,
813 2461 919 2516 tuendas
926 2463 1004 2535 regias
1012 2461 1134 2535 dignitati
1141 2465 1237 2536 impar,

169 2541 298 2595 ditionem
314 2561 369 2594 nnn
381 2544 443 2596 satis
452 2543 590 2614 explorare
601 2544 682 2614 possi·
725 2542 797 2614 apud
818 2543 939 2616 Pydnam
960 2543 1045 2598 rictas
1063 2555 1089 2596 et
1111 2557 1237 2614 captura

171 2641 242 2686 mus,
255 2641 308 2694 quo
318 2622 454 2676 veritatem
463 2623 636 2676 inveniamus.
649 2621 682 2676 ld
726 2623 818 2676 Paullo
835 2623 961 2689 AEmilio,
971 2624 1054 2677 finem
1068 2621 1142 2676 dedit
1154 2643 1237 2695 regno

170 2700 252 2754 modo
262 2703 591 2766 observarelicet,remin
603 2705 682 2756 unico
725 2702 907 2756 Macedonico.
924 2737 965 2748 -
982 2705 1132 2766 Vacatsoae5
1152 2704 1236 2756 sciis

170 2793 236 2835 teste
250 2783 317 2848 niti,
339 2783 408 2836 felici
423 2783 511 2835 forsan
532 2785 683 2853 conjectura
725 2783 1236 2854 rehusbellicisetmuneribuspublicis.

171 2859 205 2914 de
218 2863 291 2914 exitu
306 2863 369 2914 belli
385 2881 447 2926 uso,
463 2881 542 2934 quam
563 2863 634 2924 Diis,
652 2874 683 2916 ut
769 2883 794 2915 s.
809 2863 857 2915 Illo
871 2876 981 2934 tempore.
998 2865 1048 2916 An.
1062 2864 1098 2914 U.
1118 2863 1182 2932 ²⁵7·
1198 2895 1238 2906 -

172 2943 354 2994 auctoritatem
366 2943 417 2995 sibi
425 2944 628 3014 pararet,qunsi
637 2945 688 2994 cae·¹
727 2941 1238 3006 Lacumluturnoe.SemiusadAEn.X11,

170 3021 233 3074 litus
250 3023 365 3075 oblatam
380 3023 569 3076 revelationem
584 3019 683 3074 adscri-
731 3029 802 3087 142,
816 3021 853 3074 sic
868 3020 993 3074 describit
1008 3040 1015 3074 :
1034 3021 1163 3073 -Jueuma
1179 3022 1237 3074 sons

172 3099 234 3172 psit.
249 3100 359 3154 Senatus
370 3102 419 3156 sibi
429 3104 564 3162 conscius,
580 3103 684 3174 quoties
727 3115 765 3154 est
776 3101 890 3154 intralia
901 3099 1088 3154 saluberrimus
1097 3103 1170 3172 juxta
1183 3101 1239 3154 Nu·

171 3181 230 3250 ipse
251 3182 354 3251 plebem
376 3183 457 3236 simili
483 3184 586 3236 ratione
607 3181 683 3236 dece·
727 3184 825 3235 micum
842 3181 962 3234 flurium.
980 3181 1020 3232 De
1033 3181 1085 3234 hoc
1098 3183 1171 3234 lonte
1184 3183 1238 3233 Ro·

172 3259 258 3328 perit,
270 3279 337 3312 vano
349 3263 464 3314 sermoni
475 3261 598 3316 diffidere
609 3263 685 3316 facile
728 3280 798 3314 mam
812 3259 846 3314 ad
862 3261 950 3313 omnia
969 3260 1096 3314 sacrificia
1109 3279 1176 3332 aqna
1192 3259 1238 3312 sd·

174 3349 280 3410 potarat
290 3359 297 3404 ;
306 3338 351 3392 sed
363 3359 445 3411 quum
454 3361 485 3396 ex
495 3354 558 3394 roto
566 3363 608 3396 res
616 3343 685 3396 sorte
728 3342 790 3394 ferri
808 3355 1012 3396 consueverat.»
1028 3341 1080 3394 Alii
1094 3341 1240 3393 accuratius

173 3417 684 3486 cessisset,contraallectus,bominem
728 3422 766 3474 sic
790 3441 852 3474 eum
872 3420 1044 3492 depingunt:
1065 3421 1127 3471 -Ex
1143 3421 1238 3472 Albani

172 3515 237 3550 cnm
249 3494 326 3550 donis
334 3497 635 3570 dimisit-lissiderstqs.
641 3502 684 3556 sic
728 3501 827 3554 montis
842 3499 978 3554 radicibus
988 3513 1031 3566 et,
1045 3512 1075 3551 ut
1091 3500 1170 3570 vulgo
1182 3519 1239 3552 cre·

173 3575 325 3630 octodecim
336 3579 411 3632 MSS.
420 3593 446 3632 et
457 3579 518 3634 edd.
530 3581 684 3654 antel'igb.,
728 3579 817 3643 ditur,
830 3599 861 3634 ex
870 3581 1051 3644 Albanolacu,
1063 3579 1240 3632 subterraneis

171 3657 223 3727 qui
234 3657 362 3710 insidentes
369 3657 509 3712 edidit-
518 3663 683 3714 Proteriernt.
728 3661 858 3714 meatibus
872 3661 922 3714 sub
941 3660 997 3731 ipsa
1012 3659 1054 3712 via
1066 3659 1152 3731 Appia
1167 3674 1239 3712 tanta

174 3733 292 3800 Quidam
313 3735 393 3790 codd.
414 3753 575 3809 precesserat.
591 3743 685 3794 Cicero
729 3759 857 3812 aquarum
866 3743 1085 3806 vi,sonorus,ut
1100 3740 1138 3792 ait
1150 3741 1236 3811 Virgi-

173 3816 273 3869 Persen
288 3817 334 3870 illo
346 3815 390 3870 die
401 3831 508 3890 captum
519 3821 619 3874 scribit.
633 3819 684 3874 Sed
728 3821 794 3885 lius,
814 3822 898 3872 amnis
915 3819 1046 3890 erumpit,
1070 3832 1099 3871 ut
1118 3821 1204 3874 statim
1226 3839 1240 3871 a

175 3895 361 3968 intelligendus
376 3911 463 3952 tamen
477 3897 547 3965 dies,
562 3901 684 3972 quiprae-
728 3901 814 3972 capite
835 3901 918 3952 molas
940 3899 1143 3966 mrcumrolvat,
1169 3898 1241 3952 unde

173 3974 258 4028 cessit.
273 3977 362 4030 Noctu
374 3979 446 4032 enirn
459 3977 562 4032 dictum
573 3977 602 4034 id
613 3981 687 4034 Vati·
728 3999 784 4032 non
795 3981 874 4049 longe
885 3997 1050 4052 progressus,
1064 3981 1091 4032 in
1098 3980 1184 4032 lacurn
1191 3977 1243 4032 dif-

173 4055 222 4108 nio
236 4055 296 4110 fnit.
730 4057 852 4112 irraditur
863 4057 935 4112 baud
945 4059 1053 4131 perinde
1062 4078 1199 4130 magnum
1208 4078 1241 4112 ex

218 4152 242 4188 r.
256 4137 286 4188 In
299 4143 552 4211 carceremconjectm.
567 4139 643 4212 Pigb.
657 4141 684 4192 in
729 4139 788 4193 lacu
808 4135 905 4192 deinde
920 4137 954 4192 ad
970 4140 1090 4193 Tiberim
1106 4137 1241 4202 defertur,

173 4225 273 4268 testum
287 4217 396 4272 immisit
409 4230 461 4282 est,
483 4219 587 4275 codices
609 4219 684 4274 MSS.
729 4221 772 4272 cni
791 4221 915 4274 miscetur
929 4209 968 4272 V⁰
982 4219 1087 4274 milliari
1105 4219 1138 4270 ab
1151 4218 1238 4282 Ostia,
