3190 5122
333 520 442 591 car.
470 518 1005 606 v‚DEVEREcUND1A.
1128 519 1205 597 303

198 679 228 725 1.
254 652 320 724 Sed
338 667 377 722 ut
394 677 414 722 a
432 651 584 722 laudibus
605 651 675 746 ejus
693 651 735 721 ad
759 652 848 723 lacta
873 655 1064 744 veniamus,
1082 679 1104 724 a
1123 681 1206 728 con-

139 761 209 832 dita
221 759 333 831 Urbe¹
351 785 455 855 usque
473 758 515 828 ad
530 758 723 828 Africanum
738 775 771 828 et
786 760 835 828 Ti.
852 763 1005 855 longum
1024 787 1107 832 coss.
1125 788 1204 859 pro·

139 871 284 938 miscuus
304 869 431 937 senatui
453 881 488 936 et
505 864 631 962 populo
657 866 914 962 spectandorum
936 865 1091 938 ludorum
1110 867 1204 941 locus

138 989 234 1059 erat:
256 997 426 1068 nunquam
457 987 569 1043 tamen
596 974 769 1067 quisquam
794 997 834 1042 ex
865 971 961 1068 plebe
988 988 1064 1044 ante
1092 991 1204 1072 patres

139 1083 344 1176 conscriptos
368 1083 402 1149 in
424 1080 555 1149 theatro
580 1094 729 1175 spectare
755 1080 932 1150 sustinuit:
952 1079 1035 1150 adeo
1055 1083 1203 1154 circum-

139 1202 252 1282 specta
270 1201 391 1257 nostras
412 1187 552 1256 civitatis
572 1185 772 1256 verecundia
786 1185 867 1274 luit3
882 1211 956 1280 quse
973 1186 1107 1282 quidem
1125 1215 1201 1260 cer·

138 1296 300 1364 tissimum
314 1296 364 1364 sui
381 1295 617 1364 documentum
636 1295 735 1362 etiam
754 1291 809 1362 illo
825 1293 878 1362 die
894 1293 1058 1382 exhibuit,
1075 1319 1143 1389 quo
1161 1299 1199 1366 L.

138 1399 340 1472 Flamininus
356 1415 503 1470 extrema
521 1402 555 1469 in
577 1412 670 1494 parte
695 1399 815 1468 theatri
833 1401 1002 1488 constitit3
1023 1401 1101 1494 quia
1117 1425 1138 1470 a
1152 1403 1202 1472 M.

139 1509 268 1576 Catone
280 1521 313 1576 et
328 1511 365 1576 L.
381 1507 499 1577 Flacco
518 1504 709 1576 censoribus
725 1519 842 1575 senatu
857 1520 967 1575 motus
980 1505 1106 1595 fuerat,
1122 1533 1202 1576 con·

138 1611 265 1683 sulatus
282 1615 351 1708 jam
369 1613 497 1683 bonore
514 1611 709 1699 defunctus,
728 1611 830 1682 frater
843 1614 940 1682 etiam
959 1615 996 1682 T.
1012 1611 1202 1702 Flaminini,

137 1719 345 1788 Macedoniae
362 1718 573 1814 Philippique
589 1719 725 1788 victoris
737 1744 745 1786 :
759 1743 874 1788 omnes
891 1721 980 1788 enim
1000 1743 1077 1814 eum
1094 1734 1202 1792 trans·

138 1825 186 1893 ire
206 1827 242 1894 in
263 1825 373 1894 locum
391 1825 542 1921 dignitati
559 1849 625 1894 suae
638 1824 784 1894 debitum
805 1839 995 1920 coegerunt.

196 1957 228 1998 a.
248 1929 420 2026 Confregit
441 1929 697 2026 rempublicam²
711 1933 886 2001 Terentius
896 1935 1005 2002 Varro
1028 1935 1201 2004 cannensis

138 2061 261 2131 pugnae
277 2039 452 2106 temerario
466 2040 615 2134 ingressu
630 2063 638 2105 :
653 2037 740 2106 idem
755 2037 897 2106 delatam
913 2039 974 2108 sibi
988 2037 1030 2106 ab
1045 2041 1201 2110 universo

139 2156 256 2211 senatu
268 2157 302 2212 et
318 2143 442 2239 populo
458 2144 655 2214 dictaturam
669 2145 816 2240 recipere
830 2169 898 2213 non
916 2143 1127 2230 sustinendo,
1139 2171 1201 2241 pu-

137 2247 221 2318 dore
232 2249 364 2344 culpam
378 2252 528 2320 maximae
543 2249 644 2320 cladis
663 2249 822 2337 redemit:
837 2250 1028 2345 effecitque,
1042 2265 1081 2320 ut
1097 2238 1201 2322 acies³

136 2356 288 2424 Deorum
306 2357 378 2442 irae,
390 2355 550 2424 modestia
562 2355 663 2448 ipsius
679 2354 826 2423 moribus
842 2358 1079 2450 imputaretur:
1092 2357 1202 2452 itaque

138 2459 234 2529 titulo
244 2449 406 2556 imaginis*
415 2461 485 2555 ejus
496 2461 672 2555 speciosius
685 2485 753 2530 non
766 2474 899 2556 recepta
911 2460 1091 2552 dictatura,
1101 2487 1201 2557 quam

138 2565 277 2636 aliorum
297 2584 405 2664 gesta,
423 2567 565 2638 adscribi
583 2581 699 2662 potest.

138 2751 236 2823 legitur
244 2771 251 2805 :
256 2772 310 2823 pm
317 2772 343 2806 se
351 2754 462 2821 restarem.
471 2749 581 2824 Scripsit
594 2749 649 2804 lor·
734 2767 759 2803 a.
768 2749 896 2822 Confregit
901 2751 1065 2822 rempublicam
1069 2789 1078 2816 ,
1091 2765 1141 2807 etc.
1148 2754 1200 2809 An.

139 2849 186 2884 san
200 2833 322 2886 Valerius
331 2835 475 2903 praeferens,
490 2843 520 2885 ut
532 2829 650 2883 Velleius
692 2829 728 2883 U.
744 2831 809 2900 537.
826 2861 867 2874 -—
887 2833 1009 2884 Terentius
1030 2832 1118 2885 Varro.
1129 2831 1201 2885 Vide

138 2911 183 2976 ll,
208 2930 242 2982 27
258 2931 265 2964 :
284 2913 390 2966 Victoris
404 2916 497 2983 inqu,
515 2929 586 2982 quarn
599 2931 649 2962 mo·
692 2927 771 2981 supra
785 2911 840 2975 111,
862 2916 895 2975 4,
918 2917 944 2972 4.
960 2910 1034 2962 Alter
1048 2911 1141 2963 consul
1155 2930 1200 2964 su·

139 2993 223 3042 n'errtis
231 2992 474 3063 vsdtwsproesersns,
487 2989 515 3045 id
528 3003 580 3059 est,
594 3009 649 3062 pre
691 3007 795 3060 peresse
816 2989 887 3042 cladi
912 3007 966 3041 uon
991 2989 1130 3055 sustinuit:
1154 2988 1201 3043 sed

138 3089 168 3123 se
183 3071 278 3122 ferens.
294 3070 335 3123 Ci.
348 3072 432 3125 Tacit.
447 3065 552 3124 Annall.
567 3071 648 3136 XIII,
693 3070 780 3120 Varro
790 3068 883 3138 majori
895 3069 1120 3134 erstconstantia;
1135 3087 1200 3140 qua·

140 3156 171 3214 3:
182 3149 265 3213 XIV,
277 3150 329 3220 573
342 3151 477 3214 XV1‚as.
491 3151 650 3222 Sisquoque
691 3160 801 3219 propter
820 3149 845 3200 ei
864 3149 953 3219 gratia
973 3160 1037 3202 aetra
1058 3167 1073 3201 a
1091 3159 1199 3212 senatu,

139 3227 261 3296 Curtius,
267 3229 376 3295 Plinius,
382 3231 478 3301 aliique
484 3229 562 3302 bujus
569 3231 651 3284 etatis
692 3226 765 3299 quod
775 3226 809 3280 de
820 3228 956 3298 republica
966 3247 1020 3280 non
1030 3225 1200 3300 desperasset.

138 3297 291 3380 scriptores.
691 3309 718 3360 Is
728 3326 791 3360 vero
802 3319 891 3380 postea
903 3309 1012 3363 barbam
1026 3308 1202 3380 capillumque

186 3405 212 3441 1.
231 3388 259 3440 A
273 3388 370 3439 cotidiea
385 3387 462 3454 Urbe,
478 3399 527 3441 etc.
543 3390 594 3442 An.
613 3389 648 3443 U.
691 3388 834 3453 submisit,
858 3407 907 3442 nec
932 3407 1048 3460 unquam
1072 3389 1201 3441 recubans

142 3469 200 3534 ⁵59
218 3479 243 3520 et
256 3471 323 3536 669.
339 3468 442 3534 Livius,
458 3468 586 3534 XXXIV,
599 3470 649 3534 543
691 3467 780 3520 cibum
793 3470 914 3538 sumpsit.
935 3469 1025 3534 Quum
1045 3467 1161 3520 bonores
1175 3467 1201 3520 ei

139 3547 277 3610 XXXIX,
295 3553 342 3611 ds.
362 3547 439 3602 Coni.
456 3565 537 3620 supra
552 3549 596 3613 11,
616 3567 649 3618 9,
691 3545 872 3612 deterrentur,
884 3547 965 3600 dixit:
979 3547 1137 3601 felicioribus
1148 3563 1201 3600 ma·

142 3628 169 3680 ³.
184 3657 225 3668 -
240 3627 399 3680 Promissum.
415 3625 650 3682 Sincordinisseu
691 3629 842 3699 gistratibus
865 3628 1017 3698 reipublicae
1044 3645 1111 3699 opus
1135 3645 1199 3680 esse.

141 3705 277 3778 dignitatis
289 3705 453 3774 discrimine,
465 3707 561 3780 plebeii
571 3709 651 3780 patri·
692 3706 861 3762 VideFront.
873 3709 922 3772 IV,
936 3705 969 3759 de
979 3707 1140 3762 Constantia.

141 3787 192 3840 bus
218 3790 333 3858 permisti
357 3789 517 3858 spectabant.
545 3789 650 3842 Primus
734 3788 850 3840 &Arias
861 3786 970 3856 Pighius
980 3787 1098 3856 reposuit
1111 3786 1199 3838 clades.

143 3879 245 3934 antem,
262 3867 308 3938 qui
318 3867 346 3918 iu
356 3866 504 3938 spectandis
512 3867 581 3921 ludis
592 3869 649 3940 ple·
693 3867 808 3920 Frustra.
815 3868 890 3919 Acies
898 3867 1053 3936 bicproelium
1060 3865 1201 3937 significat,

142 3947 203 3999 bem
217 3965 232 3998 a
246 3947 369 4018 patribus
380 3951 513 4019 separarit,
529 3948 580 4001 fuit
594 3948 650 4001 Sci·
693 3945 1201 4016 etoensusestfinielixpraeliumcanuen·

143 4025 189 4097 pio
206 4025 359 4093 Africanus,
378 4029 427 4100 qui
443 4028 494 4082 bac
510 4047 540 4082 re
560 4046 650 4081 auram
693 4045 721 4080 se
733 4025 844 4078 deorum
856 4026 901 4078 irae
915 4027 1072 4098 imputatum
1084 4025 1172 4080 inisse.

142 4105 359 4176 popularem‚tot
367 4108 510 4183 triumphis
519 4106 636 4166 debitam
643 4146 653 4179 ,
735 4112 761 4169 d.
774 4106 1201 4180 Tituloimapmis.1magiaibttttts

143 4185 248 4254 penitus
261 4188 354 4242 amisit.
693 4185 985 4260 gmmadnotabautur.
