3190 5122
401 554 473 652 372
593 551 812 620 vinnon
840 495 1049 616 unxisti
1077 549 1172 616 mn.
1201 547 1243 616 v.

397 687 532 782 spersis‚
554 681 735 776 OEdipodis
756 706 843 767 ossa,
862 677 950 748 crede
971 680 1089 773 patris,
1109 677 1230 772 nuptiis
1244 679 1357 747 metris
1371 703 1446 747 con·

397 793 570 876 seminato,
593 789 678 856 inter
701 788 807 882 ipsum
828 809 1044 880 areopagum,
1066 783 1169 852 divini
1192 797 1289 876 atque
1315 783 1447 852 humani

397 895 583 968 certaminis
612 891 796 962 venerabile
828 889 1048 978 domicilium,
1079 903 1112 957 et
1140 887 1273 956 excelsis
1297 887 1447 980 praesidiis

396 1004 557 1072 Minervae
570 1023 694 1083 arcem,
715 998 842 1066 honore
857 1019 920 1065 arae
935 995 1104 1080 decorata,
1121 993 1213 1087 quasi
1228 1009 1447 1080 sacrosancta,

398 1107 478 1176 colis
494 1131 501 1173 :
517 1104 599 1173 adeo
617 1103 675 1172 tibi
693 1101 798 1170 aliena
813 1100 899 1170 mula
912 1102 976 1170 tuis
994 1100 1088 1167 bonis
1100 1099 1243 1192 gratiora
1255 1094 1345 1166 sunt!
1363 1101 1447 1193 Lege

398 1214 506 1306 itaque
520 1209 642 1305 legem,
654 1233 726 1302 quae
739 1223 771 1275 te
781 1204 995 1298 jurejurando
1007 1205 1198 1272 obstrictam
1212 1218 1320 1291 tenet;
1334 1219 1367 1272 et
1377 1207 1448 1297 quia

398 1317 482 1386 bene
503 1317 625 1383 meritis
646 1313 755 1380 dehita
775 1311 911 1380 reddere
933 1311 1064 1404 praemia
1089 1308 1238 1396 noluisti,
1269 1307 1350 1378 laesis
1365 1310 1448 1402 justa

398 1421 527 1517 piacula
541 1419 670 1488 exsolve
686 1443 692 1484 :
711 1432 820 1487 tacent
838 1431 936 1485 mutae
953 1413 1083 1483 illorum
1099 1414 1244 1501 umbrae,
1262 1413 1320 1482 fati
1337 1439 1448 1484 neces·

398 1529 492 1596 sitate
526 1526 735 1608 constrictae.;
760 1537 796 1590 nt
821 1524 1029 1590 immemores
1055 1519 1289 1588 beneficiorum
1315 1520 1449 1589 Athene

399 1631 654 1727 reprehensore,
676 1627 786 1722 lingua
800 1651 951 1696 sermone
967 1624 1077 1696 licenti
1091 1625 1211 1712 solutu,
1229 1629 1297 1694 non
1312 1625 1448 1694 carent¹.

357 1823 359 1834 ¹
400 1832 649 1888 contenduntznsm
659 1831 796 1902 loquentes
804 1827 914 1906 inducit.
949 1825 1050 1880 Deinde
1069 1827 1130 1880 soei
1151 1825 1253 1878 Atlserroe
1273 1827 1394 1898 proxime
1408 1826 1449 1880 ad·

400 1931 507 1982 magnos
515 1913 574 1965 illos
585 1911 744 1964 Grecos.-
758 1908 904 1978 OEds'podss.
945 1909 1060 1977 jungunt
1067 1907 1246 1978 reprehensione,
1253 1905 1327 1977 quod
1334 1921 1361 1960 et
1367 1909 1450 1979 ipsun

401 1989 665 2063 OEdipodis,utpote
674 1989 773 2041 externi
782 1999 809 2039 et
818 1987 907 2040 alieni·
948 1983 1451 2039 nonincommodurnest.l’erindeenint

399 2090 485 2141 genn,
505 2069 626 2122 Thebani
649 2069 755 2120 scilicet.
779 2064 849 2118 Illud
872 2064 906 2117 de
948 2077 1001 2128 est,
1016 2065 1070 2116 sive
1083 2063 1280 2117 dieushthenns
1293 2066 1451 2136 reprehensore

401 2148 524 2220 OEdipo,
539 2147 707 2220 exprobravit
720 2145 905 2216 etiemEpsmi·
948 2161 1002 2194 uon
1016 2161 1120 2209 cerere,
1135 2143 1188 2196 sive
1201 2141 1272 2196 dicas
1282 2143 1389 2196 eusdem
1401 2164 1450 2196 nou

400 2226 495 2280 nonde
501 2228 669 2280 Callistratus.
681 2225 749 2294 Nep.
760 2224 822 2284 XV,
833 2228 865 2286 6,
880 2243 904 2276 s.
948 2240 1036 2274 curere
1052 2223 1233 2292 reprehensione.
1248 2222 1371 2293 Denique
1389 2242 1451 2294 pro:

401 2339 440 2353 .-
461 2307 618 2374 interipsum
639 2321 791 2372 areopagum.
813 2301 865 2353 Pro
881 2305 905 2352 in
949 2319 996 2351 nors
1015 2312 1111 2358 carent,
1133 2298 1213 2353 editio
1234 2299 1333 2354 Aldina
1354 2303 1450 2355 hebet:

294 2381 297 2387 ⁴
402 2390 452 2455 s'pso
474 2403 599 2453 areopago.
620 2381 718 2452 Stepius
736 2386 797 2431 r'rrter
811 2399 861 2450 pro
880 2383 906 2431 in
949 2399 995 2431 non
1016 2369 1117 2441 oscensi
1130 2379 1158 2432 id
1173 2377 1245 2450 quod
1262 2380 1296 2434 ab
1312 2381 1396 2434 tltero
1410 2382 1452 2433 illo

401 2463 522 2533 reperias.
533 2463 675 2531 Areopagus
684 2471 722 2510 est
733 2459 806 2510 locus
813 2457 905 2528 judicii
948 2477 1042 2530 perum
1055 2457 1193 2530 discrepet.
1210 2459 1241 2510 In
1256 2459 1314 2512 eliis
1328 2460 1404 2512 libris
1418 2473 1453 2513 est

403 2539 580 2603 atheniensis3
608 2537 694 2591 dictus
725 2537 775 2588 tuit
801 2555 906 2607 quoque
948 2557 995 2590 non
1018 2549 1088 2600 tacet,
1109 2536 1181 2608 quod
1198 2538 1271 2590 nullo
1293 2537 1374 2590 modo
1393 2541 1453 2592 fetri

403 2619 505 2673 Martisss
525 2618 609 2682 collis,
633 2616 750 2668 Martium
768 2616 904 2685 judicium,
948 2628 1050 2686 potest,
1064 2617 1125 2687 qtrin
1140 2617 1167 2669 in
1186 2614 1279 2669 iisdem
1292 2618 1366 2670 libris
1378 2636 1452 2670 oestss

402 2702 468 2749 ouria
484 2697 579 2750 Martis.
595 2727 635 2738 -
649 2695 759 2748 Esceht's
776 2695 904 2764 praesidiis.
948 2709 1034 2748 rectus
1059 2696 1162 2766 Atloenoe
1183 2694 1316 2748 snteoedit
1334 2697 1392 2747 Vox
1419 2698 1451 2747 h'-

402 2773 907 2844 Aliimtlunteecelsamproesidis.hsoen-
949 2779 1011 2826 eents'
1022 2793 1040 2826 a
1054 2775 1174 2844 pluribus
1191 2773 1266 2828 MSS.
1279 2774 1356 2826 shut
1372 2774 1449 2846 Kap-

403 2855 455 2909 sius
464 2855 560 2908 excelsis
568 2853 678 2925 explicet
683 2871 731 2924 per
739 2853 835 2914 dirr'rris,
845 2852 906 2923 quin
948 2853 1008 2924 pius
1018 2853 1159 2922 legendum
1173 2854 1291 2925 conjicit:
1339 2853 1451 2906 Artem

403 2935 456 2987 Des
464 2936 519 3006 ipsu
528 2952 614 2988 urcem
624 2951 697 2986 susm
706 2929 908 2984 defendereve·
949 2932 1123 3001 reprehensione
1136 2933 1233 3002 lingua,
1281 2950 1326 2982 son
1334 2945 1396 2983 toret
1403 2953 1413 2994 ,·
1424 2946 1452 2985 ut

401 3011 520 3068 debatur.
949 3009 1070 3064 Valerius
1084 3011 1111 3062 in
1122 3011 1208 3064 verbis
1217 3023 1296 3064 tacent
1305 3023 1332 3062 et
1341 3023 1403 3062 treet
1412 3012 1451 3064 lu·

447 3094 671 3145 1.Atimrsertrores
677 3128 753 3143 ........
758 3099 905 3142 noncnrent.
949 3089 1010 3142 sisse
1032 3087 1167 3154 videatur,
1188 3108 1218 3142 uc
1242 3108 1332 3154 senem
1357 3092 1411 3144 sit:
1427 3103 1453 3141 st

401 3173 508 3242 Pighius
522 3189 556 3222 ex
567 3168 625 3222 eod.
641 3169 790 3222 Cauchisno
804 3165 905 3220 edidit:
950 3168 1046 3236 upra,
1071 3187 1175 3220 sermone
1196 3170 1276 3222 danti
1291 3171 1385 3230 sohsta,
1407 3189 1452 3220 sss

401 3264 430 3302 nt
451 3254 592 3301 inmemores
614 3245 775 3316 beneficiorum
797 3247 907 3300 Athenas
950 3257 1012 3297 tacet
1026 3242 1100 3308 (lioet
1115 3249 1215 3300 umbro
1234 3261 1313 3302 mute
1327 3247 1449 3312 tnoesnt).

403 3329 571 3397 omnislt'ngna
585 3345 688 3381 sermone
703 3326 782 3376 licenti
795 3329 906 3394 utmpre·
950 3327 1123 3396 reprehensione
1144 3328 1266 3390 Athenas,
1293 3327 1452 3398 heneficium

405 3404 907 3468 hemionensolutanontaoer.Quaelectio
949 3409 1098 3486 inmemores.
1120 3409 1206 3478 Atque
1229 3407 1264 3460 its
1286 3426 1319 3459 ex
1343 3409 1452 3479 vestigiis

301 3541 303 3546 ,
404 3485 465 3538 licet
473 3485 614 3556 elegantior
624 3484 796 3548 sit,nostrsm
805 3494 906 3548 tumen,
950 3485 1113 3538 Perizooisni
1130 3484 1227 3538 codicis
1242 3487 1294 3539 levi
1309 3488 1453 3539 mutatione

404 3565 530 3616 ttVorstio
541 3564 657 3635 primum
665 3581 696 3616 ex
708 3561 767 3614 cod.
779 3562 907 3614 Pulmsn·
949 3563 1000 3632 legi
1011 3581 1097 3633 posse,
1112 3567 1164 3634 jum
1179 3577 1238 3617 aute
1248 3565 1381 3618 Torrenio
1393 3568 1453 3619 sult-

404 3644 483 3696 nisuo
496 3643 653 3707 exhibitum,
669 3653 814 3712 sequuntur
825 3639 907 3692 edito·
950 3640 1025 3703 oluit,
1051 3643 1147 3712 quippe
1171 3643 1216 3712 qui
1240 3643 1360 3696 eamdem
1384 3645 1455 3696 illam

404 3741 445 3776 tes
455 3721 611 3774 recentiores
626 3733 727 3774 tontum
740 3739 793 3771 non
807 3737 906 3771 omues.
949 3721 1086 3789 proposuit
1095 3722 1246 3786 lectionem,
1261 3723 1312 3775 nisi
1324 3721 1397 3793 quod
1406 3741 1457 3794 pro

404 3801 527 3854 Proxime
541 3816 645 3869 quoque
660 3797 738 3852 codd.
753 3811 816 3850 vett.
838 3797 907 3868 typis
951 3799 1125 3868 reprehensimus
1137 3800 1186 3870 legi
1196 3801 1319 3854 maluerit
1333 3804 1456 3872 reprehen-

404 3878 518 3949 expressi
537 3876 570 3930 ad
585 3895 642 3930 eam
658 3875 791 3930 secedunt.
809 3877 908 3930 Omnes
950 3881 1035 3938 sionis,
1052 3875 1156 3930 dicendi
1169 3879 1271 3932 tutione
1292 3881 1376 3952 magis
1397 3899 1458 3954 per·

403 3959 474 4009 onim
494 3957 593 4011 hebent
610 3957 728 4018 Athene,
751 3975 811 4010 casu
826 3969 906 4008 recto.
950 3957 1039 4027 spicue
1052 3969 1077 4010 et
1090 3958 1175 4011 minus
1188 3959 1317 4012 affectata.

811 4209 1048 4236 *-
