3168 5124
375 465 476 590 '394
594 491 822 562 vsunnn
850 493 1060 563 Mixtus
1088 493 1186 563 orn.
1214 495 1257 562 v.

398 625 508 696 trariis
532 625 740 720 percrebuit3
764 649 869 720 coque
895 625 1020 696 factum
1045 640 1110 714 est,
1135 641 1174 696 ut
1199 625 1399 714 ediceretur,
1425 651 1466 698 ne

397 737 474 828 quis
497 731 602 804 codri
622 755 747 829 corpus
769 733 969 804 orditeraret
982 733 1017 801 ¹:
1039 733 1072 803 id
1095 748 1270 828 postquam
1292 737 1486 828 cognovit,'

398 839 554 934 depositis
578 839 758 934 insignibus
780 841 927 934 imperii,
949 837 1167 910 famularem²
1193 838 1320 910 cultum
1343 839 1464 928 induit,

397 969 437 1014 sc
458 945 685 1040 pabulantium
702 946 848 1017 bostium
867 946 967 1043 globo
989 971 1060 1018 sese
1078 947 1215 1042 objecit,
1240 969 1410 1040 unumque
1425 971 1465 1016 ex

398 1051 450 1122 his
470 1050 554 1122 falce
570 1077 779 1148 percussum,
795 1055 830 1122 in
851 1054 973 1128 cedem
991 1077 1085 1124 suam
1104 1051 1284 1148 compulit:
1304 1053 1400 1146 cujus
1417 1054 1463 1122 in-

398 1159 516 1244 teritu,
536 1183 579 1228 ne
598 1160 738 1230 Athene
757 1147 979 1249 occiderent³,
1001 1160 1159 1230 effectum
1176 1175 1235 1230 est.

453 1290 486 1334 a.
506 1265 559 1334 Ab
578 1266 693 1336 eodem
714 1265 806 1337 fonte
823 1269 956 1363 pietatis
975 1267 1171 1359 Thrasybuli
1187 1289 1320 1360 quoque
1337 1269 1464 1336 animus

397 1358 562 1441 manavit⁴
578 1399 586 1440 :
600 1374 627 1444 is
641 1399 743 1468 quum
758 1375 1006 1444 Atheniensium
1026 1371 1144 1442 urbem
1155 1373 1289 1464 triginta
1308 1385 1463 1464 tyranno·
1575 1407 1576 1414 ,

397 1501 471 1546 rum
498 1481 667 1548 teterrima
694 1480 919 1548 dominatione
946 1477 1086 1546 liberare
1115 1489 1269 1572 cuperet,
1298 1499 1465 1572 parvaque

397 1607 499 1652 manu
517 1585 668 1652 maxims:
682 1584 728 1652 rei
745 1581 867 1654 molem
882 1583 1133 1680 aggrederetur,
1155 1598 1189 1653 et
1201 1581 1336 1677 quidam
1354 1607 1461 1652 econ·

397 1692 471 1759 sciis
488 1689 637 1760 dixisset:
660 1692 821 1782 Quantas
834 1691 972 1761 tandem
989 1689 1054 1760 ttbr'
1064 1691 1228 1776 Attene,
1237 1714 1308 1786 per
1321 1705 1356 1760 te
1369 1688 1463 1760 bber-
1576 1752 1577 1768 ,

397 1810 503 1866 tatem
525 1813 758 1892 consequuta,
771 1804 911 1892 grnrr'as
929 1797 1125 1868 debebunt?
1137 1795 1309 1893 respondit
1321 1821 1329 1864 :
1340 1797 1463 1888 Delfa-

396 1907 509 1990 ciant,
530 1919 570 1972 ut
583 1921 736 1999 quantas
752 1909 825 2001 ipse
839 1908 906 1975 illis
919 1904 1044 1992 debeo,
1064 1903 1188 1976 ortlear
1199 1900 1378 1974 retrone!
1400 1927 1462 1998 qno

397 1995 539 2080 affectu⁵
568 2009 727 2106 inclytum
755 2011 929 2082 destructe
956 2011 1137 2106 tyrannidis
1165 2035 1248 2105 opus
1277 2008 1378 2080 laude
1404 2035 1461 2080 cu·

397 2113 545 2185 mulovit.
989 2195 995 2204 ,

452 2219 484 2292 3.
501 2204 756 2294 Themistocles⁶
771 2237 897 2313 autem,
912 2247 1012 2318 quern
1026 2223 1130 2293 virtus
1147 2247 1207 2294 sua
1222 2223 1402 2310 victorem,
1422 2225 1462 2291 in

396 2412 436 2466 dit
448 2455 455 2481 ,
468 2433 551 2487 quum
565 2415 673 2487 Pighius
685 2434 700 2468 e
713 2413 817 2470 duobus
826 2414 903 2470 codd.
948 2415 1035 2483 lib.V,
1047 2435 1105 2489 esp.
1119 2413 1274 2486 93Diodor.
1288 2413 1371 2470 sicut.
1387 2415 1459 2468 XIV.

396 2491 526 2547 dedisset:
539 2499 595 2546 totis
605 2496 719 2556 Athenis,
730 2496 774 2547 sed
783 2501 808 2548 r'n
820 2499 905 2549 coen
994 2495 1019 2550 ⁵.
1034 2497 1090 2568 Quo
1104 2497 1206 2565 affeetu.
1217 2495 1297 2549 Multi
1307 2493 1389 2548 codd.
1397 2514 1460 2567 ques·

396 2577 485 2635 etiarn,-
498 2572 571 2644 quod
591 2593 640 2628 nec
655 2587 756 2630 veteres
774 2577 844 2648 typis
859 2596 904 2630 ex·
950 2577 1081 2646 affectunt,-
1097 2577 1197 2648 sllqnot
1209 2597 1257 2649 quo
1271 2579 1373 2645 effectu.
1392 2573 1460 2628 unde

396 2653 476 2724 pressi
489 2668 642 2725 agnoscunt.
949 2657 1105 2711 Perizonius
1124 2657 1233 2730 conjicit
1249 2659 1339 2725 esj'ato,
1360 2653 1457 2720 idest,

439 2751 465 2786 ι.
487 2733 516 2784 V
513 2734 639 2787 ulneraret.
659 2732 726 2788 Cod.
741 2735 837 2809 Ultrsy'.
852 2755 903 2790 sec.
949 2735 1030 2791 dicto.
1045 2737 1193 2792 Torrenius
1203 2737 1308 2810 prefert
1319 2733 1455 2807 qmaeffe·

395 2813 510 2872 sr'olaren
520 2825 546 2866 et
556 2813 593 2868 sic
600 2813 680 2868 babet
688 2814 767 2868 etism
776 2813 820 2869 ed.
831 2817 902 2888 Mog.
949 2829 1023 2878 etum,
1037 2827 1063 2870 et
1075 2818 1202 2889 explicet:
1222 2845 1233 2866 ι
1245 2833 1318 2889 quem
1328 2813 1453 2867 affectum

438 2913 464 2948 a.
473 2893 636 2948 Famulorem.
648 2893 788 2956 servilem,
803 2897 905 2952 obsole·
947 2897 1041 2968 ingens
1053 2897 1110 2952 lsus
1121 2917 1154 2952 ex
1169 2895 1298 2952 destrnm
1310 2889 1454 2965 tyrmitle

394 2983 472 3041 tum,
492 2993 649 3046 pannosum.
680 2973 763 3044 Aldus
784 2975 904 3031 ediderat
947 2989 987 3030 est
997 2990 1135 3050 sequutus
1149 2977 1205 3031 Nec
1217 2989 1302 3032 umen
1312 2970 1456 3027 commodo

388 3053 552 3120 familiarem,
574 3051 603 3107 id
622 3053 695 3128 quod
716 3055 824 3128 Pighius
840 3058 903 3111 reti·
947 3075 1025 3110 sensu
1037 3053 1190 3110 destituitur
1203 3075 1249 3130 quo
1265 3055 1371 3124 affectu,-
1389 3064 1458 3106 recte

393 3131 461 3185 nuit.
476 3132 540 3186 Vid.
558 3135 615 3198 VI,
636 3153 673 3205 7,
695 3135 721 3188 3.
736 3135 902 3190 Burmannus
947 3136 1067 3207 Ksppius
1083 3135 1208 3209 exponit:
1221 3135 1380 3206 slnelytom
1389 3133 1458 3185 Tbe-

394 3209 428 3263 sd
443 3211 539 3265 Vellei.
553 3214 581 3276 l,
598 3233 630 3278 s,
649 3233 681 3278 s,
698 3215 772 3269 malit
792 3223 902 3287 mempis-
946 3215 1072 3270 mistoclis
1081 3235 1149 3288 opus
1159 3215 1300 3270 destructe
1309 3211 1457 3285 tyrannidis

395 3291 477 3344 hiem.
488 3293 528 3344 De
537 3291 629 3346 bsbitu
642 3294 737 3348 humili
746 3308 774 3349 et
781 3296 828 3349 rili
838 3298 900 3350 satis
946 3315 995 3368 per
1004 3315 1032 3348 se
1046 3295 1156 3368 quidem
1167 3314 1277 3349 ornnem
1289 3291 1399 3348 landem
1409 3311 1459 3345 me·

393 3371 562 3424 consentiunt
580 3372 744 3443 interpretes.
763 3405 804 3418 --
818 3377 902 3428 Pabu-
946 3388 1036 3442 retur,
1049 3374 1096 3430 sed
1109 3377 1195 3430 multo
1209 3377 1311 3446 majore
1330 3372 1410 3428 lsude
1421 3371 1458 3425 di·

394 3449 502 3504 laets'son.
527 3450 579 3504 Alii
594 3449 811 3522 permdutests'um
825 3475 835 3518 ,·
858 3455 903 3510 alii
946 3473 1029 3527 gnum
1042 3454 1111 3509 illud
1124 3469 1162 3510 est
1172 3457 1252 3528 ,quis
1266 3473 1299 3509 ex
1316 3471 1420 3508 summ
1431 3454 1457 3505 in

390 3529 535 3600 palantium.
949 3536 1061 3608 patrium
1072 3537 1171 3608 pietate
1184 3537 1309 3590 msusrit.
1326 3561 1338 3582 ι

432 3609 459 3662 3.
484 3609 635 3664 occiderent.
651 3607 804 3664 Perizonius
820 3614 902 3684 conji·
986 3619 1013 3668 6.
1025 3613 1336 3669 flemistoetcrNidestnr
1349 3611 1456 3673 Suidcss

392 3687 429 3742 eit
441 3687 620 3753 meldensem-3
644 3687 691 3744 sed
706 3709 761 3744 non
776 3709 844 3762 opus
863 3705 902 3746 est
945 3693 1119 3763 Plutsmbns,
1141 3695 1247 3767 Nepos,
1268 3689 1457 3764 Thucydides,

392 3767 548 3822 mutatione.
573 3801 612 3812 ·—
633 3771 758 3840 Effectum
776 3783 820 3824 est.
844 3773 901 3828 Nec
945 3774 1137 3847 cumpluribus
1149 3775 1216 3830 eliis.
1229 3775 1328 3828 blalnit
1340 3771 1457 3843 sibiipse

391 3847 488 3920 ingrati
498 3848 670 3905 Athenienses
685 3863 833 3908 summum
841 3892 849 3921 ,
857 3871 903 3906 ne·
945 3854 1105 3909 consciscere
1115 3867 1242 3918 mortem,
1250 3873 1332 3926 qnsm
1341 3851 1456 3924 prodere

392 3928 762 4004 minempostCodrurnregis
772 3929 901 4004 dignitate
943 3935 1064 4004 pstrisns.
1085 3935 1174 4008 Nepos
1199 3933 1298 4000 refert,
1322 3949 1457 3986 venenum

391 4024 446 4060 esse
475 4007 609 4081 dignum
631 4009 703 4084 quod
729 4013 900 4067 uehontibus
944 4031 1062 4068 eumsua
1076 4028 1169 4088 sponte
1182 4015 1325 4086 sumpsisse
1337 4053 1344 4081 ,
1356 4029 1456 4084 quum»

391 4083 465 4140 dedit
479 4089 595 4144 initium.
944 4111 1002 4166 qus:
1023 4095 1078 4167 regi
1099 4093 1133 4148 de
1153 4093 1330 4168 opprimends
1352 4091 1456 4146 emnia

434 4168 742 4230 4.Ab....nsanan't.Vid.
754 4173 899 4239 lustinum,
943 4187 1009 4230 esset
1021 4175 1169 4246 pollicitus,
1184 4187 1309 4248 prestere
1333 4191 1361 4228 se
1374 4189 1455 4245 posse
