3190 5122
385 487 461 598 3⁸44
587 511 812 580 venenu
845 511 1051 580 uaxrnrr
1087 511 1182 580 nra.
1217 512 1259 578 v.

382 670 445 742 pus
470 644 644 714 concitate
666 642 866 720 temulentiae
886 643 1013 738 impetu
1034 657 1184 728 evectus,
1204 665 1241 712 os
1263 640 1335 736 ejus
1356 659 1454 738 sputo

383 751 561 848 respersit;
580 775 641 820 nec
665 749 795 821 tamen¹
812 753 846 820 in
863 750 1044 822 vindictam
1063 751 1112 819 sui
1129 748 1233 820 valuit
1255 749 1453 840 accendere,

382 858 437 930 ille
459 883 540 930 vero
561 859 660 928 etiarn
680 856 764 927 filios
783 883 859 928 suos
876 855 1006 926 violatae
1026 857 1129 952 patris
1148 857 1310 951 majestati
1330 857 1452 927 subve-

383 968 455 1036 nire
471 967 641 1060 cupientes
661 966 812 1052 retraxit3
827 962 1115 1062 posteroquedie³
1130 964 1318 1059 Thrasippo
1336 962 1454 1060 suppli·

384 1075 472 1143 cium
488 1097 507 1141 a
522 1097 556 1142 se
570 1070 756 1142 voluntaria
771 1086 880 1142 rnorte
892 1072 1023 1166 exigere
1038 1069 1188 1158 volente,
1201 1072 1291 1140 venit
1304 1069 1345 1140 ad
1363 1095 1453 1156 eurn,

384 1179 526 1273 dataque
545 1177 610 1248 fide
625 1181 658 1247 in
677 1178 794 1248 eodem
813 1179 918 1274 gradu
936 1179 1090 1248 amicitiae
1108 1201 1316 1264 mansurum,
1338 1178 1383 1246 ab
1402 1178 1453 1246 in·

385 1301 483 1381 cepto
505 1287 695 1355 revocavit:
715 1287 742 1354 si
760 1283 841 1354 nihil
857 1283 944 1354 aliud
961 1283 1100 1380 dignum
1120 1269 1268 1354 honore³
1286 1286 1454 1353 memoria

385 1395 551 1488 gessisset,
575 1393 627 1462 his
645 1403 757 1462 tamen
776 1391 871 1462 sactis
889 1391 1021 1462 abunde
1039 1417 1074 1464 se
1092 1392 1277 1486 posteritati
1291 1415 1455 1460 conamen·

384 1499 501 1568 desset.

442 1621 476 1692 3.
499 1625 604 1716 AEqne
621 1624 710 1692 mitis
732 1626 861 1692 animus
879 1623 997 1716 Pyrrhi
1022 1609 1143 1718 regis⁴z
1166 1621 1333 1710 audierat,
1355 1647 1454 1718 quos·

386 1731 464 1799 darn
485 1729 740 1798 Tarentinorum
762 1731 797 1797 in
819 1730 974 1798 convivio
997 1753 1114 1822 parurn
1137 1729 1339 1798 honoratum
1362 1729 1403 1799 de
1421 1753 1454 1798 se

387 1859 575 1906 sermonem
590 1821 785 1928 habuisse⁵3
806 1836 995 1920 arcessitos,
1014 1837 1070 1928 qui
1085 1837 1115 1904 ei
1128 1835 1365 1922 interfuerant,
1383 1861 1453 1930 per-

387 1943 601 2026 contabatur,
620 1971 638 2006 α
649 1965 691 2011 an
706 1967 759 2028 ea,
773 1967 846 2036 quae
859 1942 901 2010 ad
917 1965 1015 2010 aures
1029 1941 1099 2034 ejus
1114 1957 1352 2038 pervenerant,
1366 1942 1455 2010 dixis·

387 2048 506 2118 senti»
529 2051 616 2118 Turn
643 2073 683 2118 ex
712 2049 763 2116 bis
787 2073 889 2118 unus:
927 2049 1040 2132 «Nisi,
1061 2049 1193 2142 inquit,
1222 2049 1338 2117 vinum
1362 2049 1455 2118 nobis

387 2155 577 2242 defecisset,
605 2157 666 2224 ista
686 2180 759 2248 quae
780 2155 838 2223 tibi
860 2154 963 2224 relata
988 2169 1080 2242 sunt,
1101 2179 1169 2249 prae
1187 2156 1241 2240 iis,
1263 2179 1339 2248 quae
1363 2154 1406 2224 de
1424 2170 1455 2226 te

388 2261 558 2356 loquuturi
580 2287 725 2344 eramus,
740 2261 830 2331 lusus
848 2286 887 2332 ac
901 2261 997 2354 jocus
1016 2261 1153 2330 fuissent
1163 2246 1184 2328 ⁶.
1197 2291 1214 2326 a
1231 2263 1315 2328 Tam
1330 2261 1454 2330 urbana

387 2366 531 2462 crapula
561 2369 743 2456 excusatio,
771 2383 905 2462 tamque
934 2367 1072 2464 simplex
1096 2368 1243 2438 veritatis
1274 2367 1454 2452 consessio,

388 2477 473 2542 iram
493 2476 579 2569 regis
598 2477 763 2543 convertit
783 2477 816 2543 in
841 2478 961 2564 risurn3
984 2500 1049 2570 qua
1071 2475 1203 2570 quidem
1226 2473 1403 2544 clementia
1424 2487 1456 2543 et

389 2579 615 2650 moderatione
630 2595 824 2675 assequutus
832 2596 898 2670 est,
909 2596 947 2652 ut
962 2595 994 2652 et
1007 2583 1107 2652 sobrii
1124 2581 1185 2650 sibi
1198 2583 1369 2650 Tarentini
1383 2605 1454 2676 gra·

432 2800 458 2835 r.
483 2783 508 2834 T
505 2801 582 2834 amen.
603 2781 723 2835 Perizon.
748 2794 813 2844 tum,·
826 2782 899 2837 baud
943 2780 1450 2854 nonnullooddabestapudmndelaipe.

389 2861 466 2916 male.
479 2893 520 2904 -
534 2863 623 2914 Vade
642 2861 776 2916 arcendae.
790 2863 898 2935 Vulgo:
942 2861 1453 2934 conjecit:quondam...lrabitrna.l¹“reine·

391 2943 518 2996 acrama
528 2947 617 3014 potuit.
942 2944 1045 2998 berniur
1063 2943 1156 2996 maluit
1173 2941 1295 3014 quodam,
1310 2943 1410 2996 scilieet
1425 2942 1453 2994 in

432 3044 458 3078 a.
470 3025 616 3096 Portemqae
627 3023 674 3077 die.
686 3023 832 3081 Tomoiua
845 3023 901 3076 elii·
943 3023 1082 3088 conrivi03
1097 3021 1170 3094 quod
1192 3021 1300 3094 quidem
1314 3021 1453 3086 vorstius,

390 3121 441 3174 que
452 3114 549 3174 postera
561 3123 660 3176 quoque.
681 3134 721 3146 -
737 3105 816 3158 Iam..
832 3123 901 3156 man·
943 3103 1098 3158 Perizonius
1113 3115 1140 3156 et
1157 3103 1303 3156 'l'orrenius
1321 3103 1453 3174 probant,

389 3201 479 3236 surm.
494 3182 596 3236 Eodem
612 3181 692 3235 modo
708 3183 826 3254 loquitur
845 3185 900 3236 Ne·
942 3183 1181 3255 rejecto‘quesderm
1196 3183 1328 3254 quianon
1344 3182 1453 3255 quida,

390 3281 438 3332 pos
446 3263 560 3327 xvm,
571 3281 581 3314 r
592 3297 600 3322 ,
611 3266 638 3316 6.
646 3259 808 3316 laudandus
820 3263 900 3317 etiarn
944 3261 992 3316 red
1002 3283 1080 3316 omnes
1091 3263 1242 3326 Tarentini,
1252 3263 1344 3316 saltem
1356 3263 1404 3334 qui
1413 3263 1453 3316 isti

389 3341 899 3414 Periclea,quinebulonern,variieeum
943 3343 1068 3396 convivio
1083 3343 1276 3408 interfuerant,
1292 3361 1391 3415 parurn
1405 3343 1453 3396 lro·

391 3421 517 3474 conviciis
526 3419 752 3494 proscindentem,
760 3441 842 3494 quum
853 3421 901 3476 do·
942 3435 1068 3478 neretum
1084 3421 1117 3476 de
1127 3441 1158 3476 eo
1170 3441 1318 3476 sermonem
1330 3422 1453 3476 babuisse

391 3519 465 3552 rnurn
478 3501 593 3566 rediret,
613 3520 627 3554 e
641 3503 723 3556 servis
736 3521 842 3557 aceensa
857 3503 900 3556 lu·
942 3501 1076 3556 videntur.
1084 3501 1245 3556 edditenim
1255 3515 1349 3557 auctor
1359 3521 1366 3556 :
1375 3523 1452 3555 areer-

391 3597 469 3632 cerna
485 3579 595 3634 domurn
609 3581 700 3636 reduci
714 3583 798 3654 jussit.
941 3586 1016 3646 euos,
1036 3587 1078 3656 qui
1095 3587 1118 3634 εἰ
1138 3585 1308 3652 inlustremur,
1325 3594 1451 3653 peream·

434 3659 460 3714 ³.
482 3661 580 3714 Honore
593 3666 717 3716 raemoriae.
734 3663 841 3732 Vulgo:
855 3663 899 3714 leo·
942 3663 1027 3728 debu,
1048 3683 1080 3716 aa
1102 3663 1227 3718 dicissent.
1251 3664 1314 3717 Non
1337 3681 1449 3735 puros,

391 3759 448 3792 nore
460 3741 503 3792 vel
515 3745 635 3796 mamona.
942 3743 989 3815 qui
1011 3743 1188 3816 arguebantur
1207 3743 1259 3816 ipsi
1274 3741 1450 3806 maledixisse,

432 3827 460 3883 d.
473 3821 606 3894 AEque.....
619 3825 690 3891 regis.
707 3823 757 3875 An.
774 3821 810 3874 U.
822 3821 899 3876 circi·
942 3823 1061 3889 necarit,
1075 3821 1121 3876 sed
1136 3825 1268 3879 convivae.

390 3911 431 3951 ter
445 3903 512 3971 473.
528 3902 620 3968 Quint.
636 3903 693 3967 Vl,
710 3903 736 3956 3.
983 3907 1010 3957 6.
1032 3905 1108 3956 Lam
1118 3923 1147 3956 ac
1151 3907 1222 3975 jocus
1228 3907 1343 3972 fuissent.
1354 3901 1452 3969 Iden,

432 3981 458 4032 5.
470 3981 593 4050 Quosdam
608 3985 789 4036 Tarentinorum
791 4021 838 4037 .....
852 4003 901 4034 sera·
941 3983 1009 4036 levia
1029 3984 1146 4038 luissent.
1163 3983 1264 4038 Eadem
1283 3983 1397 4038 formula
1413 3983 1451 4036 lo·

392 4075 480 4110 monem
492 4061 680 4129 bahumeQue
691 4076 729 4116 eet
739 4063 826 4134 Pigbii
838 4063 897 4117 lect.
942 4061 1045 4135 quendi·
1063 4077 1176 4118 utuntur
1190 4067 1271 4119 etiem
1286 4065 1393 4128 Livius,
1404 4063 1451 4116 lib.

392 4133 474 4190 Aldus
489 4139 607 4195 ediderat
622 4161 628 4196 :
645 4143 712 4213 aprrd
722 4142 835 4214 quosdam
850 4183 898 4197 .....
941 4144 1142 4217 xxvmmp.
1161 4153 1212 4213 4¹3
1222 4146 1392 4210 etluetinue,
1404 4143 1450 4198 tit.

389 4216 511 4282 halitum,
522 4233 553 4272 nt
564 4221 640 4275 multi
653 4220 728 4274 MSS.
741 4221 849 4274 habent.
865 4223 898 4274 ln
942 4224 1045 4292 XXIV,
1055 4243 1112 4296 cap.
1130 4232 1176 4288 ⁴²·
