3184 5132
426 553 495 624 132
632 553 848 621 vlnuuu
878 551 1085 620 Mtxlml
1112 551 1206 620 LlB.
1235 552 1281 620 ll.

418 687 518 756 habet
529 684 551 772 ¹,
575 699 608 753 et
629 684 821 754 mendacem
842 699 876 753 et
895 683 1044 754 fucosam
1061 685 1326 780 superstitionem
1341 682 1478 753 submo-

419 793 560 860 vendam
579 816 649 862 esse
667 793 863 860 existimans.
884 793 1048 860 Ceterum
1069 815 1088 858 a
1107 789 1240 860 condita
1253 791 1337 858 urbe
1353 789 1480 884 gladius

419 912 469 968 est
491 898 551 984 ibi,
573 923 640 991 quo
661 898 750 966 noxii
768 895 983 992 jugulantur3
1012 898 1162 991 rubigine
1190 896 1323 990 quidem
1346 921 1479 982 exesus,

419 1019 452 1072 et
475 1005 529 1072 vix
544 1003 710 1072 sufficiens
726 1004 925 1090 ministeriu,
944 1003 999 1072 sed
1020 1002 1118 1072 index
1136 1005 1170 1072 iu
1187 1005 1330 1072 minimis
1347 1027 1478 1096 quoque

418 1111 516 1179 rebus
531 1110 641 1178 omnia
658 1111 800 1204 untiquae
819 1109 1063 1180 consuetudinis
1079 1124 1294 1178 monumenta
1309 1109 1477 1177 servande.

471 1219 556 1285 Duae
569 1217 667 1284 etiem
683 1231 759 1284 unte
773 1231 885 1311 portos
901 1241 1015 1285 eorum
1030 1241 1114 1286 ercae
1125 1215 1238 1310 jacent
1254 1241 1261 1283 :
1278 1214 1397 1302 altera,
1413 1240 1477 1309 que

418 1321 615 1410 liberorum
632 1321 753 1408 altere,
769 1347 833 1416 que
848 1347 1019 1392 servorum
1035 1347 1177 1416 corpora
1188 1321 1229 1390 ed
1241 1320 1418 1416 sepulturae
1431 1321 1475 1390 lo·

418 1453 494 1498 curn
509 1428 656 1524 plaustro
670 1427 888 1497 devehuntur.
902 1431 979 1498 Sine
992 1427 1240 1513 lamentatione,
1258 1429 1327 1496 sine
1343 1427 1476 1523 planctu

417 1535 524 1604 luctus
545 1535 669 1603 funeris
681 1534 752 1622 die,
768 1534 948 1604 domestico
966 1533 1142 1622 sacrificio,
1158 1534 1351 1628 adjectoque
1365 1559 1476 1604 neces·

416 1645 576 1712 sariorum
596 1642 764 1728 convivio,
786 1639 929 1710 finitur².
947 1643 1077 1710 Etenim
1093 1641 1171 1736 quid
1188 1643 1319 1726 attinet,
1340 1655 1397 1710 eut
1416 1641 1476 1709 lru-

417 1751 522 1816 meno'
538 1745 643 1816 dolori
662 1745 839 1842 indulgeri,
859 1761 917 1816 aut
937 1747 1048 1816 divino
1071 1749 1195 1817 numini
1214 1745 1370 1816 invidiam
1391 1747 1476 1834 lieri,

417 1854 505 1948 quod
522 1852 798 1922 immortalitatem
815 1879 906 1922 suoru
920 1853 1092 1922 nobiscum
1107 1854 1221 1948 partiri
1234 1851 1396 1922 noluerit?
1411 1843 1477 1921 Ve-

417 1986 540 2030 nenum
554 1945 677 2030 cicuta³
696 1943 913 2054 temperatum
931 1961 964 2026 in
980 1983 1019 2028 ee
1037 1961 1169 2028 civitate
1187 1957 1318 2054 publice
1333 1959 1475 2028 custodi-

416 2082 488 2154 tur,
508 2066 598 2160 quod
611 2067 709 2134 datur
727 2068 773 2153 ci,
794 2067 850 2159 qui
864 2089 979 2134 causus
992 2067 1154 2134 sexcentis
1174 2057 1225 2154 (id
1240 2067 1326 2134 eninr
1344 2081 1476 2134 senatus

416 2173 486 2265 ejus
501 2197 622 2242 nomen
639 2166 708 2258 est)
726 2171 891 2258 exhibuit,
909 2185 1044 2266 propter
1062 2195 1143 2265 quas
1159 2196 1248 2239 mors
1263 2171 1305 2240 sit
1318 2170 1363 2239 illi
1380 2197 1475 2267 expe·

416 2278 538 2346 tenda:
555 2279 741 2371 cognitione
756 2277 842 2346 virili
856 2263 1102 2346 benevolentia⁴
1114 2291 1310 2372 temperata,
1329 2303 1403 2372 qua·
1417 2304 1477 2347 nec

418 2383 529 2478 egredi
546 2385 615 2452 vita
631 2397 754 2451 temere
770 2385 910 2477 patitur,
928 2398 962 2453 et
977 2385 1140 2478 sapienter
1158 2383 1315 2454 excedere
1333 2387 1476 2478 cupienti

418 2593 623 2659 sunt;conlerre
634 2606 743 2664 possunt
751 2592 785 2646 ad
798 2595 927 2647 actionem
970 2594 1062 2662 nium,
1075 2593 1110 2646 Η.
1131 2593 1167 2648 N.
1184 2595 1273 2648 XXV.
1292 2627 1333 2638 -
1347 2593 1476 2648 Sexcentrs.

419 2671 557 2744 studiaque
568 2673 694 2736 oratoria,
705 2671 750 2726 sed
760 2673 864 2726 virtutis
875 2687 928 2726 stu·
970 2674 1020 2726 Usi
1034 2687 1096 2727 sunt
1108 2674 1281 2728 Massilienses
1294 2675 1399 2748 republ.
1413 2677 1476 2728 aris·

421 2753 496 2807 diurn
511 2771 605 2824 perum
619 2753 669 2822 ipsi
689 2754 828 2823 augebunt.
848 2751 927 2826 Apud
970 2753 1110 2818 tocreticu,
1124 2773 1202 2824 quum
1218 2755 1376 2825 optimatum
1391 2755 1478 2809 Latini

420 2837 551 2888 Romanos
559 2833 668 2885 Roscius
675 2837 818 2904 etAEsopus
825 2833 929 2886 histrio·
970 2831 1079 2900 dicunt,
1092 2833 1201 2906 optimis
1215 2834 1316 2904 legibus
1331 2833 1477 2906 descripta,

421 2933 468 2968 nes
483 2913 556 2966 clari.
971 2911 1070 2984 inquo
1088 2907 1209 2983 συνέδριον
1226 2926 1282 2966 erut
1296 2915 1414 2968 virorum
1432 2916 1478 2968 DC

464 2992 776 3064 netamsponaslaher,
786 2989 858 3045 idest
866 3011 928 3063 por·
971 2993 1017 3063 qui
1034 3011 1082 3064 per
1100 3011 1207 3046 omnem
1226 2993 1308 3046 vitem
1326 2994 1354 3044 in
1376 2995 1478 3048 honore

421 3088 459 3127 tes
474 3071 580 3124 claudit.
598 3074 758 3143 Maaprtepia
774 3085 830 3138 est,
849 3091 929 3143 quem
970 3073 1120 3126 manebant.
1134 3073 1189 3124 llos
1203 3075 1330 3142 τιμούχους
1340 3077 1478 3128 vocabant.

422 3154 516 3208 Cicero
523 3153 600 3204 etium
609 3149 928 3216 interdumamat,cxem·
972 3151 1093 3204 Concilio
1110 3153 1173 3206 huic
1189 3166 1319 3224 praeerant
1338 3155 1390 3206 viri
1412 3155 1477 3216 XV,

422 3235 460 3304 pli
470 3232 570 3303 gretia,
583 3230 685 3281 domitas
705 3231 790 3282 labere
805 3231 929 3298 libidines,
972 3247 1087 3300 quorum
1101 3251 1197 3285 munus
1208 3233 1391 3303 eret,ncgotiu
1401 3235 1479 3286 obvia

422 3332 489 3384 pro,
503 3311 606 3362 domare.
972 3322 999 3362 et
1018 3310 1129 3364 minoris
1150 3313 1277 3364 momenti
1298 3311 1422 3384 expedire
1434 3333 1441 3366 :
1455 3327 1479 3366 et
1580 3349 1581 3370 i

467 3413 490 3444 ι.
512 3385 750 3456 Luctus.....finitur.
765 3389 864 3442 Luctus
875 3409 929 3442 non
972 3389 1014 3442 his
1032 3409 1136 3442 rursum
1155 3389 1332 3462 praesidebant
1347 3406 1413 3458 tres,
1433 3395 1478 3464 qui

423 3471 602 3544 producitur,
626 3465 671 3520 scd
692 3468 785 3520 linitur
808 3471 864 3540 ipso
883 3469 930 3521 illo
972 3469 1118 3542 plurimum
1135 3484 1265 3542 poterunt.
1289 3473 1320 3522 ln
1338 3473 1479 3526 Timucbo-

426 3551 530 3603 funebri
541 3549 594 3603 die.
609 3545 764 3619 Legendum
777 3547 864 3618 itaque
876 3567 932 3600 om·
973 3568 1033 3602 rum
1046 3549 1168 3602 ordinem
1182 3569 1261 3604 neruo
1277 3549 1479 3617 admittebatur,

424 3630 491 3681 nino
506 3647 512 3681 :
529 3631 605 3680 hietas
614 3631 710 3696 funeris
723 3627 761 3680 die
768 3627 865 3697 finitur.
879 3629 931 3680 Alii
973 3630 1017 3682 cui
1026 3629 1102 3682 liberi
1111 3634 1479 3704 nonesserrt,cujusvepater,

425 3708 516 3778 legunt
532 3713 599 3760 :sine
610 3709 788 3768 lamentatione,
800 3712 851 3759 sine
858 3709 931 3778 plan·
974 3727 1036 3760 avus
1051 3722 1076 3760 et
1089 3729 1202 3780 proavus
1214 3711 1283 3764 circs
1296 3729 1350 3763 uon
1363 3713 1480 3766 luissent.

426 3800 466 3838 ern
477 3787 552 3838 lucau
561 3789 654 3854 fimet-is
667 3788 717 3839 dies
724 3809 734 3850 ,·
750 3787 793 3840 ulii
806 3788 933 3840 omittunt
974 3787 1088 3860 Legibus
1113 3789 1237 3842 vivebant
1265 3789 1386 3857 ionicis,
1409 3791 1480 3845 unde

428 3867 520 3928 lucum
531 3867 574 3919 alii
583 3867 673 3920 delent
678 3868 777 3939 planctu
790 3880 815 3920 et
827 3867 931 3938 legunt:
975 3867 1082 3920 oriundi
1096 3883 1186 3934 eraut,
1198 3871 1225 3922 in
1239 3871 1346 3940 publico
1360 3873 1481 3944 proposi·

426 3949 477 3997 sine
500 3947 579 4008 [νοτυς
603 3948 646 4000 alii
666 3948 764 4000 habent
778 3951 828 3998 sine
843 3949 933 4000 lamen·
975 3950 1060 4012 tis,ut
1070 3949 1215 4020 cognitioni
1223 3952 1342 4004 omnium
1351 3965 1480 4024 paterent.

429 4029 532 4086 tatione,
548 4030 597 4077 rinc
608 4029 721 4096 planctu,
735 4031 785 4078 sine
800 4027 872 4080 luctu.
889 4027 930 4081 Cf.
975 4027 1046 4082 Vide
1060 4028 1223 4082 Strabonem.

427 4105 626 4158 Torreniumet
640 4106 784 4177 Keppium.
951 4107 953 4112 ’
1017 4115 1042 4171 A.
1066 4109 1207 4178 Coffltrbne
1228 4111 1296 4162 rui-ili
1314 4111 1481 4164 benevolentia.

470 4186 496 4238 3.
519 4183 614 4239 Cicuta.
639 4185 679 4236 De
695 4185 779 4237 cicuta
800 4185 857 4256 lege
880 4185 932 4238 Pli-
977 4186 1100 4256 cognitio
1125 4201 1163 4242 est
1191 4187 1287 4260 judicis
1319 4188 1484 4262 disquisitio,
