<?xml version="1.0" encoding="UTF-8"?>
<!DOCTYPE html PUBLIC "-//W3C//DTD XHTML 1.0 Transitional//EN"
    "http://www.w3.org/TR/xhtml1/DTD/xhtml1-transitional.dtd">
<html xmlns="http://www.w3.org/1999/xhtml" xml:lang="en" lang="en">
 <head>
  <title>
</title>
<meta http-equiv="Content-Type" content="text/html;charset=utf-8" />
  <meta name='ocr-system' content='tesseract 3.04.00' />
  <meta name='ocr-capabilities' content='ocr_page ocr_carea ocr_par ocr_line ocrx_word'/>
</head>
<body>
  <div class='ocr_page' id='page_1' title='image "./valeriusmaximus01lykogoog_0168.png"; bbox 0 0 3184 5132; ppageno 0'>
   <div class='ocr_carea' id='block_1_1' title="bbox 248 518 1201 609">
    <p class='ocr_par' dir='ltr' id='par_1_1' title="bbox 248 518 1201 609">
     <span class='ocr_line' id='line_1_1' title="bbox 248 518 1201 609; baseline 0.002 -18"><span class='ocrx_word' id='word_1_1' title='bbox 248 523 350 591; x_wconf 78' lang='lat' dir='ltr'><strong>CAP.</strong></span> <span class='ocrx_word' id='word_1_2' title='bbox 379 521 471 605; x_wconf 90' lang='lat' dir='ltr'><strong>Vll,</strong></span> <span class='ocrx_word' id='word_1_3' title='bbox 497 520 564 588; x_wconf 91' lang='lat' dir='ltr'><strong>DE</strong></span> <span class='ocrx_word' id='word_1_4' title='bbox 592 518 891 588; x_wconf 82' lang='lat' dir='ltr'><strong>DISCIPLINA</strong></span> <span class='ocrx_word' id='word_1_5' title='bbox 917 519 1075 588; x_wconf 89' lang='lat' dir='ltr'><strong>MILIT.</strong></span> <span class='ocrx_word' id='word_1_6' title='bbox 1136 527 1201 609; x_wconf 66' lang='lat'><strong>¹4¹</strong></span> 
     </span>
    </p>
   </div>
   <div class='ocr_carea' id='block_1_2' title="bbox 144 649 1214 2022">
    <p class='ocr_par' dir='ltr' id='par_1_2' title="bbox 144 649 1212 1256">
     <span class='ocr_line' id='line_1_2' title="bbox 147 649 1209 749; baseline 0.002 -25"><span class='ocrx_word' id='word_1_7' title='bbox 147 653 425 724; x_wconf 84' lang='lat' dir='ltr'><strong>necessitudinum</strong></span> <span class='ocrx_word' id='word_1_8' title='bbox 444 652 610 746; x_wconf 81' lang='lat' dir='ltr'><strong>perruptis</strong></span> <span class='ocrx_word' id='word_1_9' title='bbox 623 649 777 736; x_wconf 86' lang='lat' dir='ltr'><strong>vinculis,</strong></span> <span class='ocrx_word' id='word_1_10' title='bbox 793 649 950 720; x_wconf 89' lang='lat' dir='ltr'><strong>ultionem</strong></span> <span class='ocrx_word' id='word_1_11' title='bbox 966 651 1209 749; x_wconf 80' lang='lat' dir='ltr'><strong>vindictamque</strong></span> 
     </span>
     <span class='ocr_line' id='line_1_3' title="bbox 144 757 1211 854; baseline 0.001 -24"><span class='ocrx_word' id='word_1_12' title='bbox 144 762 250 848; x_wconf 81' lang='lat' dir='ltr'><strong>laesae,</strong></span> <span class='ocrx_word' id='word_1_13' title='bbox 269 785 345 828; x_wconf 93' lang='lat' dir='ltr'><strong>cum</strong></span> <span class='ocrx_word' id='word_1_14' title='bbox 367 760 546 854; x_wconf 83' lang='lat' dir='ltr'><strong>ignominia</strong></span> <span class='ocrx_word' id='word_1_15' title='bbox 564 757 723 826; x_wconf 89' lang='lat' dir='ltr'><strong>domuum</strong></span> <span class='ocrx_word' id='word_1_16' title='bbox 744 782 895 844; x_wconf 89' lang='lat' dir='ltr'><strong>suarum,</strong></span> <span class='ocrx_word' id='word_1_17' title='bbox 916 759 1050 852; x_wconf 81' lang='lat' dir='ltr'><strong>exigere</strong></span> <span class='ocrx_word' id='word_1_18' title='bbox 1068 786 1136 828; x_wconf 88' lang='lat' dir='ltr'><strong>non</strong></span> <span class='ocrx_word' id='word_1_19' title='bbox 1154 761 1211 831; x_wconf 89' lang='lat' dir='ltr'><strong>du·</strong></span> 
     </span>
     <span class='ocr_line' id='line_1_4' title="bbox 147 861 1210 960; baseline 0.002 -24"><span class='ocrx_word' id='word_1_20' title='bbox 147 869 347 938; x_wconf 84' lang='lat' dir='ltr'><strong>bitaveruut.</strong></span> <span class='ocrx_word' id='word_1_21' title='bbox 360 867 447 934; x_wconf 87' lang='lat' dir='ltr'><strong>Nam</strong></span> <span class='ocrx_word' id='word_1_22' title='bbox 460 869 494 934; x_wconf 94' lang='lat' dir='ltr'><strong>P.</strong></span> <span class='ocrx_word' id='word_1_23' title='bbox 504 863 655 960; x_wconf 89' lang='lat' dir='ltr'><strong>Rupilius</strong></span> <span class='ocrx_word' id='word_1_24' title='bbox 666 862 780 933; x_wconf 90' lang='lat' dir='ltr'><strong>consul</strong></span> <span class='ocrx_word' id='word_1_25' title='bbox 793 889 833 932; x_wconf 93' lang='lat' dir='ltr'><strong>eo</strong></span> <span class='ocrx_word' id='word_1_26' title='bbox 845 861 948 952; x_wconf 87' lang='lat' dir='ltr'><strong>bello,</strong></span> <span class='ocrx_word' id='word_1_27' title='bbox 959 865 1047 958; x_wconf 90' lang='lat' dir='ltr'><strong>quod</strong></span> <span class='ocrx_word' id='word_1_28' title='bbox 1060 867 1093 934; x_wconf 89' lang='lat' dir='ltr'><strong>in</strong></span> <span class='ocrx_word' id='word_1_29' title='bbox 1102 868 1210 938; x_wconf 83' lang='lat' dir='ltr'><strong>Sicilia</strong></span> 
     </span>
     <span class='ocr_line' id='line_1_5' title="bbox 149 970 1212 1069; baseline 0 -26"><span class='ocrx_word' id='word_1_30' title='bbox 149 999 227 1044; x_wconf 88' lang='lat' dir='ltr'><strong>cum</strong></span> <span class='ocrx_word' id='word_1_31' title='bbox 240 973 385 1068; x_wconf 85' lang='lat' dir='ltr'><strong>fugitivis</strong></span> <span class='ocrx_word' id='word_1_32' title='bbox 399 973 512 1066; x_wconf 82' lang='lat' dir='ltr'><strong>gessit,</strong></span> <span class='ocrx_word' id='word_1_33' title='bbox 527 973 569 1060; x_wconf 91' lang='lat' dir='ltr'><strong>Q</strong></span> <span class='ocrx_word' id='word_1_34' title='bbox 577 970 715 1040; x_wconf 89' lang='lat' dir='ltr'><strong>Fabium</strong></span> <span class='ocrx_word' id='word_1_35' title='bbox 729 994 887 1066; x_wconf 85' lang='lat' dir='ltr'><strong>generum</strong></span> <span class='ocrx_word' id='word_1_36' title='bbox 900 995 1010 1058; x_wconf 92' lang='lat' dir='ltr'><strong>suum,</strong></span> <span class='ocrx_word' id='word_1_37' title='bbox 1024 975 1101 1066; x_wconf 86' lang='lat' dir='ltr'><strong>quia</strong></span> <span class='ocrx_word' id='word_1_38' title='bbox 1112 974 1212 1069; x_wconf 89' lang='lat' dir='ltr'><strong>negli-</strong></span> 
     </span>
     <span class='ocr_line' id='line_1_6' title="bbox 150 1077 1210 1176; baseline 0.001 -27"><span class='ocrx_word' id='word_1_39' title='bbox 150 1082 260 1176; x_wconf 90' lang='lat' dir='ltr'><strong>gentia</strong></span> <span class='ocrx_word' id='word_1_40' title='bbox 282 1077 588 1148; x_wconf 86' lang='lat' dir='ltr'><strong>taurominitanam¹</strong></span> <span class='ocrx_word' id='word_1_41' title='bbox 612 1101 726 1150; x_wconf 87' lang='lat' dir='ltr'><strong>arcem</strong></span> <span class='ocrx_word' id='word_1_42' title='bbox 743 1078 910 1166; x_wconf 83' lang='lat' dir='ltr'><strong>amiserat,</strong></span> <span class='ocrx_word' id='word_1_43' title='bbox 932 1081 1102 1172; x_wconf 86' lang='lat' dir='ltr'><strong>provincia</strong></span> <span class='ocrx_word' id='word_1_44' title='bbox 1114 1081 1210 1175; x_wconf 89' lang='lat' dir='ltr'><strong>jussit</strong></span> 
     </span>
     <span class='ocr_line' id='line_1_7' title="bbox 150 1185 319 1256; baseline -0.024 0"><span class='ocrx_word' id='word_1_45' title='bbox 150 1185 319 1256; x_wconf 87' lang='lat' dir='ltr'><strong>decedere.</strong></span> 
     </span>
    </p>

    <p class='ocr_par' dir='ltr' id='par_1_3' title="bbox 150 1287 1213 1814">
     <span class='ocr_line' id='line_1_8' title="bbox 206 1287 1210 1386; baseline 0.001 -26"><span class='ocrx_word' id='word_1_46' title='bbox 206 1297 240 1378; x_wconf 73' lang='grc' dir='ltr'><strong>Δ.</strong></span> <span class='ocrx_word' id='word_1_47' title='bbox 263 1289 354 1360; x_wconf 86' lang='lat' dir='ltr'><strong>Jam²</strong></span> <span class='ocrx_word' id='word_1_48' title='bbox 375 1291 413 1360; x_wconf 89' lang='lat' dir='ltr'><strong>C.</strong></span> <span class='ocrx_word' id='word_1_49' title='bbox 439 1291 540 1360; x_wconf 88' lang='lat' dir='ltr'><strong>Cotta</strong></span> <span class='ocrx_word' id='word_1_50' title='bbox 557 1292 592 1358; x_wconf 92' lang='lat' dir='ltr'><strong>P.</strong></span> <span class='ocrx_word' id='word_1_51' title='bbox 612 1287 781 1359; x_wconf 82' lang='lat' dir='ltr'><strong>Aurelium</strong></span> <span class='ocrx_word' id='word_1_52' title='bbox 802 1289 1031 1378; x_wconf 88' lang='lat' dir='ltr'><strong>Pecuniolam,</strong></span> <span class='ocrx_word' id='word_1_53' title='bbox 1052 1295 1210 1386; x_wconf 86' lang='lat' dir='ltr'><strong>sanguine</strong></span> 
     </span>
     <span class='ocr_line' id='line_1_9' title="bbox 150 1395 1210 1492; baseline -0.002 -22"><span class='ocrx_word' id='word_1_54' title='bbox 150 1400 211 1470; x_wconf 88' lang='lat' dir='ltr'><strong>sibi</strong></span> <span class='ocrx_word' id='word_1_55' title='bbox 234 1399 405 1492; x_wconf 88' lang='lat' dir='ltr'><strong>junctum,</strong></span> <span class='ocrx_word' id='word_1_56' title='bbox 434 1421 533 1491; x_wconf 90' lang='lat' dir='ltr'><strong>quem</strong></span> <span class='ocrx_word' id='word_1_57' title='bbox 552 1395 713 1464; x_wconf 88' lang='lat' dir='ltr'><strong>obsidioni</strong></span> <span class='ocrx_word' id='word_1_58' title='bbox 733 1395 913 1490; x_wconf 78' lang='lat' dir='ltr'><strong>liparitanae</strong></span> <span class='ocrx_word' id='word_1_59' title='bbox 933 1396 975 1465; x_wconf 89' lang='lat' dir='ltr'><strong>ad</strong></span> <span class='ocrx_word' id='word_1_60' title='bbox 997 1400 1141 1492; x_wconf 85' lang='lat' dir='ltr'><strong>auspicia</strong></span> <span class='ocrx_word' id='word_1_61' title='bbox 1160 1424 1210 1468; x_wconf 91' lang='lat' dir='ltr'><strong>re-</strong></span> 
     </span>
     <span class='ocr_line' id='line_1_10' title="bbox 151 1501 1212 1600; baseline 0.001 -26"><span class='ocrx_word' id='word_1_62' title='bbox 151 1504 294 1600; x_wconf 89' lang='lat' dir='ltr'><strong>petenda</strong></span> <span class='ocrx_word' id='word_1_63' title='bbox 312 1506 498 1573; x_wconf 84' lang='lat' dir='ltr'><strong>Messanam</strong></span> <span class='ocrx_word' id='word_1_64' title='bbox 516 1503 713 1572; x_wconf 87' lang='lat' dir='ltr'><strong>transiturus</strong></span> <span class='ocrx_word' id='word_1_65' title='bbox 731 1501 936 1596; x_wconf 67' lang='lat' dir='ltr'><strong>prefecerat,</strong></span> <span class='ocrx_word' id='word_1_66' title='bbox 958 1505 1059 1599; x_wconf 86' lang='lat' dir='ltr'><strong>virgis</strong></span> <span class='ocrx_word' id='word_1_67' title='bbox 1075 1529 1212 1590; x_wconf 83' lang='lat' dir='ltr'><strong>caesum,</strong></span> 
     </span>
     <span class='ocr_line' id='line_1_11' title="bbox 151 1608 1213 1707; baseline -0.001 -27"><span class='ocrx_word' id='word_1_68' title='bbox 151 1611 274 1680; x_wconf 83' lang='lat' dir='ltr'><strong>militiae</strong></span> <span class='ocrx_word' id='word_1_69' title='bbox 291 1635 428 1678; x_wconf 90' lang='lat' dir='ltr'><strong>munere</strong></span> <span class='ocrx_word' id='word_1_70' title='bbox 445 1611 531 1678; x_wconf 89' lang='lat' dir='ltr'><strong>inter</strong></span> <span class='ocrx_word' id='word_1_71' title='bbox 542 1608 668 1703; x_wconf 88' lang='lat' dir='ltr'><strong>pedites</strong></span> <span class='ocrx_word' id='word_1_72' title='bbox 683 1608 776 1704; x_wconf 90' lang='lat' dir='ltr'><strong>fungi</strong></span> <span class='ocrx_word' id='word_1_73' title='bbox 788 1611 913 1704; x_wconf 86' lang='lat' dir='ltr'><strong>coegit,</strong></span> <span class='ocrx_word' id='word_1_74' title='bbox 926 1610 1015 1703; x_wconf 91' lang='lat' dir='ltr'><strong>quod</strong></span> <span class='ocrx_word' id='word_1_75' title='bbox 1031 1611 1102 1704; x_wconf 86' lang='lat' dir='ltr'><strong>ejus</strong></span> <span class='ocrx_word' id='word_1_76' title='bbox 1116 1609 1213 1707; x_wconf 88' lang='lat' dir='ltr'><strong>culpa</strong></span> 
     </span>
     <span class='ocr_line' id='line_1_12' title="bbox 151 1715 1014 1814; baseline -0.002 -28"><span class='ocrx_word' id='word_1_77' title='bbox 151 1741 254 1814; x_wconf 89' lang='lat' dir='ltr'><strong>agger</strong></span> <span class='ocrx_word' id='word_1_78' title='bbox 274 1719 444 1802; x_wconf 90' lang='lat' dir='ltr'><strong>incensus,</strong></span> <span class='ocrx_word' id='word_1_79' title='bbox 464 1729 498 1782; x_wconf 90' lang='lat' dir='ltr'><strong>et</strong></span> <span class='ocrx_word' id='word_1_80' title='bbox 519 1739 612 1809; x_wconf 86' lang='lat' dir='ltr'><strong>paene</strong></span> <span class='ocrx_word' id='word_1_81' title='bbox 633 1729 740 1783; x_wconf 88' lang='lat' dir='ltr'><strong>castra</strong></span> <span class='ocrx_word' id='word_1_82' title='bbox 754 1715 890 1784; x_wconf 66' lang='lat' dir='ltr'><strong>merant</strong></span> <span class='ocrx_word' id='word_1_83' title='bbox 909 1731 1014 1809; x_wconf 85' lang='lat' dir='ltr'><strong>capta.</strong></span> 
     </span>
    </p>

    <p class='ocr_par' dir='ltr' id='par_1_4' title="bbox 153 1807 1214 2022">
     <span class='ocr_line' id='line_1_13' title="bbox 209 1807 1212 1910; baseline -0.001 -17"><span class='ocrx_word' id='word_1_84' title='bbox 209 1821 241 1893; x_wconf 88' lang='lat'><strong>5.</strong></span> <span class='ocrx_word' id='word_1_85' title='bbox 255 1823 297 1910; x_wconf 90' lang='lat' dir='ltr'><strong>Q.</strong></span> <span class='ocrx_word' id='word_1_86' title='bbox 308 1823 405 1890; x_wconf 86' lang='lat' dir='ltr'><strong>etiam</strong></span> <span class='ocrx_word' id='word_1_87' title='bbox 419 1819 553 1888; x_wconf 82' lang='lat' dir='ltr'><strong>Fulvius</strong></span> <span class='ocrx_word' id='word_1_88' title='bbox 566 1807 720 1890; x_wconf 80' lang='lat' dir='ltr'><strong>Flaccus³</strong></span> <span class='ocrx_word' id='word_1_89' title='bbox 741 1846 874 1907; x_wconf 89' lang='lat' dir='ltr'><strong>censor,</strong></span> <span class='ocrx_word' id='word_1_90' title='bbox 889 1820 1041 1889; x_wconf 87' lang='lat' dir='ltr'><strong>Fulvium</strong></span> <span class='ocrx_word' id='word_1_91' title='bbox 1058 1821 1212 1908; x_wconf 82' lang='lat' dir='ltr'><strong>fratrem,</strong></span> 
     </span>
     <span class='ocr_line' id='line_1_14' title="bbox 153 1925 1214 2022; baseline 0 -22"><span class='ocrx_word' id='word_1_92' title='bbox 153 1929 327 2000; x_wconf 91' lang='lat' dir='ltr'><strong>cohortem</strong></span> <span class='ocrx_word' id='word_1_93' title='bbox 342 1925 495 2020; x_wconf 84' lang='lat' dir='ltr'><strong>legionis,</strong></span> <span class='ocrx_word' id='word_1_94' title='bbox 517 1927 552 1993; x_wconf 90' lang='lat' dir='ltr'><strong>in</strong></span> <span class='ocrx_word' id='word_1_95' title='bbox 569 1951 635 2020; x_wconf 85' lang='lat' dir='ltr'><strong>qua</strong></span> <span class='ocrx_word' id='word_1_96' title='bbox 654 1926 808 1996; x_wconf 90' lang='lat' dir='ltr'><strong>tribunus</strong></span> <span class='ocrx_word' id='word_1_97' title='bbox 829 1925 970 1996; x_wconf 92' lang='lat' dir='ltr'><strong>militum</strong></span> <span class='ocrx_word' id='word_1_98' title='bbox 984 1942 1071 2012; x_wconf 88' lang='lat' dir='ltr'><strong>erat,</strong></span> <span class='ocrx_word' id='word_1_99' title='bbox 1089 1930 1214 2022; x_wconf 89' lang='lat' dir='ltr'><strong>injussu</strong></span> 
     </span>
    </p>
   </div>
   <div class='ocr_carea' id='block_1_3' title="bbox 153 2114 1224 4264">
    <p class='ocr_par' dir='ltr' id='par_1_5' title="bbox 153 2114 1224 4264">
     <span class='ocr_line' id='line_1_15' title="bbox 154 2114 1213 2192; baseline 0.001 -20"><span class='ocrx_word' id='word_1_100' title='bbox 154 2120 268 2173; x_wconf 81' lang='lat' dir='ltr'><strong>luithoc</strong></span> <span class='ocrx_word' id='word_1_101' title='bbox 276 2114 578 2186; x_wconf 80' lang='lat' dir='ltr'><strong>servilebellum,quod</strong></span> <span class='ocrx_word' id='word_1_102' title='bbox 586 2116 666 2186; x_wconf 78' lang='lat' dir='ltr'><strong>gessit</strong></span> <span class='ocrx_word' id='word_1_103' title='bbox 708 2135 770 2168; x_wconf 84' lang='lat' dir='ltr'><strong>nem</strong></span> <span class='ocrx_word' id='word_1_104' title='bbox 791 2116 988 2182; x_wconf 83' lang='lat' dir='ltr'><strong>necessitatem,</strong></span> <span class='ocrx_word' id='word_1_105' title='bbox 1010 2135 1092 2188; x_wconf 87' lang='lat' dir='ltr'><strong>quum</strong></span> <span class='ocrx_word' id='word_1_106' title='bbox 1113 2117 1140 2172; x_wconf 94' lang='lat' dir='ltr'><strong>id</strong></span> <span class='ocrx_word' id='word_1_107' title='bbox 1159 2123 1213 2192; x_wconf 87' lang='lat' dir='ltr'><strong>jam</strong></span> 
     </span>
     <span class='ocr_line' id='line_1_16' title="bbox 155 2192 1215 2272; baseline -0.001 -22"><span class='ocrx_word' id='word_1_108' title='bbox 155 2199 239 2270; x_wconf 82' lang='lat' dir='ltr'><strong>Syrus</strong></span> <span class='ocrx_word' id='word_1_109' title='bbox 249 2197 348 2250; x_wconf 82' lang='lat' dir='ltr'><strong>Eunus.</strong></span> <span class='ocrx_word' id='word_1_110' title='bbox 361 2195 424 2248; x_wconf 85' lang='lat' dir='ltr'><strong>Post</strong></span> <span class='ocrx_word' id='word_1_111' title='bbox 435 2195 549 2266; x_wconf 84' lang='lat' dir='ltr'><strong>aliquam</strong></span> <span class='ocrx_word' id='word_1_112' title='bbox 563 2192 665 2248; x_wconf 82' lang='lat' dir='ltr'><strong>cladem</strong></span> <span class='ocrx_word' id='word_1_113' title='bbox 708 2196 800 2246; x_wconf 72' lang='lat' dir='ltr'><strong>malitie</strong></span> <span class='ocrx_word' id='word_1_114' title='bbox 808 2193 961 2248; x_wconf 88' lang='lat' dir='ltr'><strong>iudicet.-</strong></span> <span class='ocrx_word' id='word_1_115' title='bbox 970 2195 1064 2264; x_wconf 70' lang='lat' dir='ltr'><strong>Agger.</strong></span> <span class='ocrx_word' id='word_1_116' title='bbox 1077 2199 1130 2250; x_wconf 91' lang='lat' dir='ltr'><strong>Pro</strong></span> <span class='ocrx_word' id='word_1_117' title='bbox 1139 2219 1215 2272; x_wconf 67' lang='lat' dir='ltr'><strong>agger</strong></span> 
     </span>
     <span class='ocr_line' id='line_1_17' title="bbox 155 2271 1214 2350; baseline 0.001 -21"><span class='ocrx_word' id='word_1_118' title='bbox 155 2280 296 2350; x_wconf 85' lang='lat' dir='ltr'><strong>Perpenna</strong></span> <span class='ocrx_word' id='word_1_119' title='bbox 306 2273 372 2328; x_wconf 93' lang='lat' dir='ltr'><strong>illud</strong></span> <span class='ocrx_word' id='word_1_120' title='bbox 385 2275 455 2327; x_wconf 84' lang='lat' dir='ltr'><strong>finiit</strong></span> <span class='ocrx_word' id='word_1_121' title='bbox 463 2271 565 2327; x_wconf 89' lang='lat' dir='ltr'><strong>crudeli</strong></span> <span class='ocrx_word' id='word_1_122' title='bbox 575 2293 665 2326; x_wconf 87' lang='lat' dir='ltr'><strong>servo·</strong></span> <span class='ocrx_word' id='word_1_123' title='bbox 708 2274 752 2326; x_wconf 87' lang='lat' dir='ltr'><strong>alii</strong></span> <span class='ocrx_word' id='word_1_124' title='bbox 770 2273 868 2326; x_wconf 83' lang='lat' dir='ltr'><strong>babent</strong></span> <span class='ocrx_word' id='word_1_125' title='bbox 885 2294 962 2344; x_wconf 60' lang='lat' dir='ltr'><strong>egem·</strong></span> <span class='ocrx_word' id='word_1_126' title='bbox 976 2295 1025 2346; x_wconf 92' lang='lat' dir='ltr'><strong>pro</strong></span> <span class='ocrx_word' id='word_1_127' title='bbox 1046 2280 1152 2330; x_wconf 81' lang='lat' dir='ltr'><strong>incensus</strong></span> <span class='ocrx_word' id='word_1_128' title='bbox 1169 2281 1214 2334; x_wconf 86' lang='lat' dir='ltr'><strong>alii</strong></span> 
     </span>
     <span class='ocr_line' id='line_1_18' title="bbox 153 2351 1214 2428; baseline 0.001 -19"><span class='ocrx_word' id='word_1_129' title='bbox 153 2377 217 2412; x_wconf 86' lang='lat' dir='ltr'><strong>rum</strong></span> <span class='ocrx_word' id='word_1_130' title='bbox 238 2351 454 2428; x_wconf 86' lang='lat' dir='ltr'><strong>supplicio.Vide</strong></span> <span class='ocrx_word' id='word_1_131' title='bbox 468 2354 590 2418; x_wconf 87' lang='lat' dir='ltr'><strong>Florum,</strong></span> <span class='ocrx_word' id='word_1_132' title='bbox 605 2354 664 2416; x_wconf 88' lang='lat'><strong>111,</strong></span> <span class='ocrx_word' id='word_1_133' title='bbox 707 2372 769 2406; x_wconf 86' lang='lat' dir='ltr'><strong>curu</strong></span> <span class='ocrx_word' id='word_1_134' title='bbox 786 2353 1055 2426; x_wconf 78' lang='lat' dir='ltr'><strong>Lipsio,quiquaarit‚</strong></span> <span class='ocrx_word' id='word_1_135' title='bbox 1067 2376 1133 2410; x_wconf 88' lang='lat' dir='ltr'><strong>uum</strong></span> <span class='ocrx_word' id='word_1_136' title='bbox 1145 2371 1214 2414; x_wconf 82' lang='lat' dir='ltr'><strong>terra</strong></span> 
     </span>
     <span class='ocr_line' id='line_1_19' title="bbox 159 2431 1214 2507; baseline 0.001 -18"><span class='ocrx_word' id='word_1_137' title='bbox 159 2457 204 2507; x_wconf 88' lang='lat'><strong>¹9·</strong></span> <span class='ocrx_word' id='word_1_138' title='bbox 216 2435 273 2490; x_wconf 87' lang='lat' dir='ltr'><strong>Nec</strong></span> <span class='ocrx_word' id='word_1_139' title='bbox 281 2437 392 2500; x_wconf 89' lang='lat' dir='ltr'><strong>mirum,</strong></span> <span class='ocrx_word' id='word_1_140' title='bbox 402 2452 491 2487; x_wconf 82' lang='lat' dir='ltr'><strong>servos</strong></span> <span class='ocrx_word' id='word_1_141' title='bbox 501 2453 569 2505; x_wconf 74' lang='lat' dir='ltr'><strong>sepe</strong></span> <span class='ocrx_word' id='word_1_142' title='bbox 579 2445 664 2486; x_wconf 82' lang='lat' dir='ltr'><strong>extre·</strong></span> <span class='ocrx_word' id='word_1_143' title='bbox 708 2431 813 2486; x_wconf 87' lang='lat' dir='ltr'><strong>incendi</strong></span> <span class='ocrx_word' id='word_1_144' title='bbox 834 2435 972 2504; x_wconf 83' lang='lat' dir='ltr'><strong>potuerit?</strong></span> <span class='ocrx_word' id='word_1_145' title='bbox 990 2447 1091 2488; x_wconf 86' lang='lat' dir='ltr'><strong>textum</strong></span> <span class='ocrx_word' id='word_1_146' title='bbox 1111 2452 1214 2494; x_wconf 75' lang='lat' dir='ltr'><strong>mutare</strong></span> 
     </span>
     <span class='ocr_line' id='line_1_20' title="bbox 155 2511 1215 2590; baseline 0.003 -20"><span class='ocrx_word' id='word_1_147' title='bbox 155 2537 200 2570; x_wconf 86' lang='lat' dir='ltr'><strong>ma</strong></span> <span class='ocrx_word' id='word_1_148' title='bbox 213 2535 301 2582; x_wconf 87' lang='lat' dir='ltr'><strong>ausos,</strong></span> <span class='ocrx_word' id='word_1_149' title='bbox 321 2533 404 2588; x_wconf 89' lang='lat' dir='ltr'><strong>quum</strong></span> <span class='ocrx_word' id='word_1_150' title='bbox 419 2513 557 2567; x_wconf 85' lang='lat' dir='ltr'><strong>durissima</strong></span> <span class='ocrx_word' id='word_1_151' title='bbox 570 2531 663 2566; x_wconf 89' lang='lat' dir='ltr'><strong>eorum</strong></span> <span class='ocrx_word' id='word_1_152' title='bbox 706 2513 817 2565; x_wconf 85' lang='lat' dir='ltr'><strong>malunt.</strong></span> <span class='ocrx_word' id='word_1_153' title='bbox 832 2511 884 2566; x_wconf 86' lang='lat' dir='ltr'><strong>Sed</strong></span> <span class='ocrx_word' id='word_1_154' title='bbox 896 2514 963 2566; x_wconf 85' lang='lat' dir='ltr'><strong>beue</strong></span> <span class='ocrx_word' id='word_1_155' title='bbox 977 2515 1094 2570; x_wconf 83' lang='lat' dir='ltr'><strong>sehabet</strong></span> <span class='ocrx_word' id='word_1_156' title='bbox 1106 2520 1215 2590; x_wconf 87' lang='lat' dir='ltr'><strong>antiqua</strong></span> 
     </span>
     <span class='ocr_line' id='line_1_21' title="bbox 155 2591 1214 2665; baseline 0.002 -15"><span class='ocrx_word' id='word_1_157' title='bbox 155 2598 227 2650; x_wconf 87' lang='lat' dir='ltr'><strong>iuter</strong></span> <span class='ocrx_word' id='word_1_158' title='bbox 242 2597 318 2648; x_wconf 82' lang='lat' dir='ltr'><strong>Rom.</strong></span> <span class='ocrx_word' id='word_1_159' title='bbox 334 2613 390 2648; x_wconf 86' lang='lat' dir='ltr'><strong>sors</strong></span> <span class='ocrx_word' id='word_1_160' title='bbox 401 2591 483 2646; x_wconf 82' lang='lat' dir='ltr'><strong>fidem</strong></span> <span class='ocrx_word' id='word_1_161' title='bbox 495 2612 578 2665; x_wconf 84' lang='lat' dir='ltr'><strong>prope</strong></span> <span class='ocrx_word' id='word_1_162' title='bbox 589 2611 664 2646; x_wconf 81' lang='lat' dir='ltr'><strong>exce·</strong></span> <span class='ocrx_word' id='word_1_163' title='bbox 705 2593 797 2658; x_wconf 86' lang='lat' dir='ltr'><strong>lectio,</strong></span> <span class='ocrx_word' id='word_1_164' title='bbox 811 2611 893 2663; x_wconf 85' lang='lat' dir='ltr'><strong>quum</strong></span> <span class='ocrx_word' id='word_1_165' title='bbox 903 2612 979 2664; x_wconf 73' lang='lat' dir='ltr'><strong>agger</strong></span> <span class='ocrx_word' id='word_1_166' title='bbox 988 2607 1133 2650; x_wconf 85' lang='lat' dir='ltr'><strong>castrorum</strong></span> <span class='ocrx_word' id='word_1_167' title='bbox 1143 2601 1214 2652; x_wconf 87' lang='lat' dir='ltr'><strong>varia</strong></span> 
     </span>
     <span class='ocr_line' id='line_1_22' title="bbox 156 2673 1214 2744; baseline 0.009 -20"><span class='ocrx_word' id='word_1_168' title='bbox 156 2675 210 2730; x_wconf 75' lang='lat' dir='ltr'><strong>dat.</strong></span> <span class='ocrx_word' id='word_1_169' title='bbox 706 2673 815 2726; x_wconf 84' lang='lat' dir='ltr'><strong>materia</strong></span> <span class='ocrx_word' id='word_1_170' title='bbox 828 2685 942 2744; x_wconf 79' lang='lat' dir='ltr'><strong>aggesta,</strong></span> <span class='ocrx_word' id='word_1_171' title='bbox 960 2673 1077 2728; x_wconf 80' lang='lat' dir='ltr'><strong>trabibus</strong></span> <span class='ocrx_word' id='word_1_172' title='bbox 1091 2678 1171 2731; x_wconf 87' lang='lat' dir='ltr'><strong>etiam</strong></span> <span class='ocrx_word' id='word_1_173' title='bbox 1184 2699 1214 2733; x_wconf 87' lang='lat' dir='ltr'><strong>ae</strong></span> 
     </span>
     <span class='ocr_line' id='line_1_23' title="bbox 201 2753 1217 2826; baseline 0.005 -19"><span class='ocrx_word' id='word_1_174' title='bbox 201 2775 225 2810; x_wconf 85' lang='lat' dir='ltr'><strong>a.</strong></span> <span class='ocrx_word' id='word_1_175' title='bbox 263 2754 491 2814; x_wconf 66' lang='lat' dir='ltr'><strong>Tauromenitanam.</strong></span> <span class='ocrx_word' id='word_1_176' title='bbox 525 2753 664 2806; x_wconf 87' lang='lat' dir='ltr'><strong>Tauromi-</strong></span> <span class='ocrx_word' id='word_1_177' title='bbox 707 2753 819 2806; x_wconf 79' lang='lat' dir='ltr'><strong>fascibus</strong></span> <span class='ocrx_word' id='word_1_178' title='bbox 838 2753 1030 2822; x_wconf 85' lang='lat' dir='ltr'><strong>conficeretur,</strong></span> <span class='ocrx_word' id='word_1_179' title='bbox 1047 2754 1121 2826; x_wconf 86' lang='lat' dir='ltr'><strong>quod</strong></span> <span class='ocrx_word' id='word_1_180' title='bbox 1139 2759 1217 2812; x_wconf 89' lang='lat' dir='ltr'><strong>innu-</strong></span> 
     </span>
     <span class='ocr_line' id='line_1_24' title="bbox 158 2831 1217 2906; baseline 0.002 -17"><span class='ocrx_word' id='word_1_181' title='bbox 158 2837 234 2890; x_wconf 86' lang='lat' dir='ltr'><strong>nium</strong></span> <span class='ocrx_word' id='word_1_182' title='bbox 243 2853 319 2888; x_wconf 89' lang='lat' dir='ltr'><strong>mous</strong></span> <span class='ocrx_word' id='word_1_183' title='bbox 330 2847 369 2887; x_wconf 91' lang='lat' dir='ltr'><strong>est</strong></span> <span class='ocrx_word' id='word_1_184' title='bbox 377 2833 484 2898; x_wconf 74' lang='lat' dir='ltr'><strong>Sicilie,</strong></span> <span class='ocrx_word' id='word_1_185' title='bbox 497 2831 563 2884; x_wconf 87' lang='lat' dir='ltr'><strong>etin</strong></span> <span class='ocrx_word' id='word_1_186' title='bbox 573 2851 605 2886; x_wconf 90' lang='lat' dir='ltr'><strong>eo</strong></span> <span class='ocrx_word' id='word_1_187' title='bbox 615 2852 664 2904; x_wconf 90' lang='lat' dir='ltr'><strong>op·</strong></span> <span class='ocrx_word' id='word_1_188' title='bbox 707 2852 780 2886; x_wconf 85' lang='lat' dir='ltr'><strong>mera</strong></span> <span class='ocrx_word' id='word_1_189' title='bbox 792 2831 906 2886; x_wconf 89' lang='lat' dir='ltr'><strong>aliorum</strong></span> <span class='ocrx_word' id='word_1_190' title='bbox 917 2835 1076 2906; x_wconf 83' lang='lat' dir='ltr'><strong>scriptorum</strong></span> <span class='ocrx_word' id='word_1_191' title='bbox 1089 2837 1146 2890; x_wconf 89' lang='lat' dir='ltr'><strong>loca</strong></span> <span class='ocrx_word' id='word_1_192' title='bbox 1155 2857 1217 2891; x_wconf 92' lang='lat' dir='ltr'><strong>con·</strong></span> 
     </span>
     <span class='ocr_line' id='line_1_25' title="bbox 158 2911 823 2989; baseline -0.006 -21"><span class='ocrx_word' id='word_1_193' title='bbox 158 2914 272 2989; x_wconf 89' lang='lat' dir='ltr'><strong>pidum,</strong></span> <span class='ocrx_word' id='word_1_194' title='bbox 285 2911 358 2986; x_wconf 91' lang='lat' dir='ltr'><strong>quod</strong></span> <span class='ocrx_word' id='word_1_195' title='bbox 374 2913 515 2966; x_wconf 84' lang='lat' dir='ltr'><strong>incoluisse</strong></span> <span class='ocrx_word' id='word_1_196' title='bbox 529 2930 665 2965; x_wconf 79' lang='lat' dir='ltr'><strong>mmanam</strong></span> <span class='ocrx_word' id='word_1_197' title='bbox 709 2913 823 2965; x_wconf 83' lang='lat' dir='ltr'><strong>firmant.</strong></span> 
     </span>
     <span class='ocr_line' id='line_1_26' title="bbox 159 2989 1217 3064; baseline -0.001 -16"><span class='ocrx_word' id='word_1_198' title='bbox 159 2995 290 3050; x_wconf 87' lang='lat' dir='ltr'><strong>coloniam</strong></span> <span class='ocrx_word' id='word_1_199' title='bbox 306 2992 397 3046; x_wconf 71' lang='lat' dir='ltr'><strong>assent</strong></span> <span class='ocrx_word' id='word_1_200' title='bbox 414 2991 578 3045; x_wconf 78' lang='lat' dir='ltr'><strong>Ptolemaeus.</strong></span> <span class='ocrx_word' id='word_1_201' title='bbox 595 2989 666 3044; x_wconf 85' lang='lat' dir='ltr'><strong>Vide</strong></span> <span class='ocrx_word' id='word_1_202' title='bbox 751 2993 777 3046; x_wconf 83' lang='lat'><strong>3.</strong></span> <span class='ocrx_word' id='word_1_203' title='bbox 787 2992 887 3043; x_wconf 80' lang='lat' dir='ltr'><strong>Fulvius</strong></span> <span class='ocrx_word' id='word_1_204' title='bbox 895 2990 1006 3044; x_wconf 76' lang='lat' dir='ltr'><strong>Flaccus.</strong></span> <span class='ocrx_word' id='word_1_205' title='bbox 1017 2993 1066 3044; x_wconf 74' lang='lat' dir='ltr'><strong>Au.</strong></span> <span class='ocrx_word' id='word_1_206' title='bbox 1076 2993 1113 3047; x_wconf 89' lang='lat' dir='ltr'><strong>U.</strong></span> <span class='ocrx_word' id='word_1_207' title='bbox 1125 2995 1180 3064; x_wconf 77' lang='lat'><strong>579</strong></span> <span class='ocrx_word' id='word_1_208' title='bbox 1190 3011 1217 3054; x_wconf 83' lang='lat' dir='ltr'><strong>et</strong></span> 
     </span>
     <span class='ocr_line' id='line_1_27' title="bbox 158 3069 1215 3142; baseline 0.001 -13"><span class='ocrx_word' id='word_1_209' title='bbox 158 3075 329 3138; x_wconf 81' lang='lat' dir='ltr'><strong>Strabonem,</strong></span> <span class='ocrx_word' id='word_1_210' title='bbox 342 3073 407 3125; x_wconf 91' lang='lat' dir='ltr'><strong>VII.</strong></span> <span class='ocrx_word' id='word_1_211' title='bbox 712 3071 776 3142; x_wconf 82' lang='lat'><strong>573.</strong></span> <span class='ocrx_word' id='word_1_212' title='bbox 784 3069 856 3124; x_wconf 88' lang='lat' dir='ltr'><strong>Vide</strong></span> <span class='ocrx_word' id='word_1_213' title='bbox 865 3072 923 3123; x_wconf 88' lang='lat' dir='ltr'><strong>Liv.</strong></span> <span class='ocrx_word' id='word_1_214' title='bbox 931 3071 980 3124; x_wconf 81' lang='lat' dir='ltr'><strong>XL</strong></span> <span class='ocrx_word' id='word_1_215' title='bbox 989 3083 1015 3124; x_wconf 87' lang='lat' dir='ltr'><strong>et</strong></span> <span class='ocrx_word' id='word_1_216' title='bbox 1026 3073 1097 3126; x_wconf 80' lang='lat' dir='ltr'><strong>XLI.</strong></span> <span class='ocrx_word' id='word_1_217' title='bbox 1107 3073 1215 3130; x_wconf 83' lang='lat' dir='ltr'><strong>Factum</strong></span> 
     </span>
     <span class='ocr_line' id='line_1_28' title="bbox 204 3149 1216 3224; baseline -0.004 -18"><span class='ocrx_word' id='word_1_218' title='bbox 204 3174 229 3207; x_wconf 81' lang='lat' dir='ltr'><strong>a.</strong></span> <span class='ocrx_word' id='word_1_219' title='bbox 241 3155 306 3206; x_wconf 75' lang='lat' dir='ltr'><strong>lam.</strong></span> <span class='ocrx_word' id='word_1_220' title='bbox 319 3159 369 3206; x_wconf 73' lang='lat' dir='ltr'><strong>Au.</strong></span> <span class='ocrx_word' id='word_1_221' title='bbox 381 3153 417 3205; x_wconf 92' lang='lat' dir='ltr'><strong>U.</strong></span> <span class='ocrx_word' id='word_1_222' title='bbox 431 3151 497 3204; x_wconf 83' lang='lat'><strong>501.</strong></span> <span class='ocrx_word' id='word_1_223' title='bbox 512 3151 604 3204; x_wconf 82' lang='lat' dir='ltr'><strong>Frout.</strong></span> <span class='ocrx_word' id='word_1_224' title='bbox 615 3151 666 3212; x_wconf 92' lang='lat' dir='ltr'><strong>IV,</strong></span> <span class='ocrx_word' id='word_1_225' title='bbox 710 3165 748 3206; x_wconf 86' lang='lat' dir='ltr'><strong>est</strong></span> <span class='ocrx_word' id='word_1_226' title='bbox 762 3153 789 3204; x_wconf 88' lang='lat' dir='ltr'><strong>in</strong></span> <span class='ocrx_word' id='word_1_227' title='bbox 798 3151 868 3202; x_wconf 90' lang='lat' dir='ltr'><strong>bello</strong></span> <span class='ocrx_word' id='word_1_228' title='bbox 883 3151 972 3204; x_wconf 83' lang='lat' dir='ltr'><strong>servili</strong></span> <span class='ocrx_word' id='word_1_229' title='bbox 988 3149 1075 3204; x_wconf 88' lang='lat' dir='ltr'><strong>Sicilia</strong></span> <span class='ocrx_word' id='word_1_230' title='bbox 1087 3167 1216 3224; x_wconf 77' lang='lat' dir='ltr'><strong>gesto...</strong></span> 
     </span>
     <span class='ocr_line' id='line_1_29' title="bbox 162 3229 1216 3305; baseline 0.002 -18"><span class='ocrx_word' id='word_1_231' title='bbox 162 3231 392 3288; x_wconf 67' lang='lat' dir='ltr'><strong>sn—otstdtoni</strong></span> <span class='ocrx_word' id='word_1_232' title='bbox 404 3231 667 3301; x_wconf 82' lang='lat' dir='ltr'><strong>liperr&#39;tanoe.Lipara,</strong></span> <span class='ocrx_word' id='word_1_233' title='bbox 712 3231 847 3284; x_wconf 74' lang='lat' dir='ltr'><strong>Cohortem.</strong></span> <span class='ocrx_word' id='word_1_234' title='bbox 867 3229 969 3284; x_wconf 81' lang='lat' dir='ltr'><strong>Cohors</strong></span> <span class='ocrx_word' id='word_1_235' title='bbox 989 3230 1083 3286; x_wconf 87' lang='lat' dir='ltr'><strong>habuit</strong></span> <span class='ocrx_word' id='word_1_236' title='bbox 1103 3248 1216 3305; x_wconf 87' lang='lat' dir='ltr'><strong>quatuor</strong></span> 
     </span>
     <span class='ocr_line' id='line_1_30' title="bbox 160 3309 1216 3386; baseline 0.004 -21"><span class='ocrx_word' id='word_1_237' title='bbox 160 3331 216 3365; x_wconf 88' lang='lat' dir='ltr'><strong>uua</strong></span> <span class='ocrx_word' id='word_1_238' title='bbox 236 3324 335 3382; x_wconf 81' lang='lat' dir='ltr'><strong>septem</strong></span> <span class='ocrx_word' id='word_1_239' title='bbox 359 3311 503 3364; x_wconf 87' lang='lat' dir='ltr'><strong>insularum</strong></span> <span class='ocrx_word' id='word_1_240' title='bbox 525 3309 668 3364; x_wconf 73' lang='lat' dir='ltr'><strong>eoliarum.</strong></span> <span class='ocrx_word' id='word_1_241' title='bbox 711 3310 877 3382; x_wconf 82' lang='lat' dir='ltr'><strong>manipulos,</strong></span> <span class='ocrx_word' id='word_1_242' title='bbox 906 3309 1037 3376; x_wconf 85' lang='lat' dir='ltr'><strong>hastatos,</strong></span> <span class='ocrx_word' id='word_1_243' title='bbox 1066 3313 1216 3386; x_wconf 86' lang='lat' dir='ltr'><strong>principes,</strong></span> 
     </span>
     <span class='ocr_line' id='line_1_31' title="bbox 162 3389 1217 3465; baseline 0.007 -22"><span class='ocrx_word' id='word_1_244' title='bbox 162 3389 236 3443; x_wconf 89' lang='lat' dir='ltr'><strong>Vide</strong></span> <span class='ocrx_word' id='word_1_245' title='bbox 248 3409 319 3461; x_wconf 85' lang='lat' dir='ltr'><strong>supr.</strong></span> <span class='ocrx_word' id='word_1_246' title='bbox 329 3391 355 3454; x_wconf 90' lang='lat'><strong>1,</strong></span> <span class='ocrx_word' id='word_1_247' title='bbox 373 3408 384 3444; x_wconf 85' lang='lat' dir='ltr'><strong>a</strong></span> <span class='ocrx_word' id='word_1_248' title='bbox 397 3429 404 3454; x_wconf 86' lang='lat'><strong>‚</strong></span> <span class='ocrx_word' id='word_1_249' title='bbox 420 3397 447 3455; x_wconf 69' lang='grc'><strong>4.</strong></span> <span class='ocrx_word' id='word_1_250' title='bbox 457 3422 496 3432; x_wconf 86' lang='lat'><em>-</em></span> <span class='ocrx_word' id='word_1_251' title='bbox 506 3390 551 3442; x_wconf 81' lang='lat' dir='ltr'><strong>Ad</strong></span> <span class='ocrx_word' id='word_1_252' title='bbox 563 3393 669 3460; x_wconf 77' lang='lat' dir='ltr'><strong>auspicia</strong></span> <span class='ocrx_word' id='word_1_253' title='bbox 711 3391 830 3454; x_wconf 82' lang='lat' dir='ltr'><strong>triarios,</strong></span> <span class='ocrx_word' id='word_1_254' title='bbox 844 3389 943 3442; x_wconf 82' lang='lat' dir='ltr'><strong>velites.</strong></span> <span class='ocrx_word' id='word_1_255' title='bbox 960 3390 1054 3444; x_wconf 86' lang='lat' dir='ltr'><strong>Omnis</strong></span> <span class='ocrx_word' id='word_1_256' title='bbox 1067 3394 1217 3465; x_wconf 84' lang='lat' dir='ltr'><strong>manipulus</strong></span> 
     </span>
     <span class='ocr_line' id='line_1_32' title="bbox 164 3468 1216 3544; baseline 0.004 -20"><span class='ocrx_word' id='word_1_257' title='bbox 164 3469 299 3542; x_wconf 82' lang='lat' dir='ltr'><strong>repetendo.</strong></span> <span class='ocrx_word' id='word_1_258' title='bbox 309 3468 389 3534; x_wconf 91' lang='lat' dir='ltr'><strong>Quod</strong></span> <span class='ocrx_word' id='word_1_259' title='bbox 403 3469 599 3522; x_wconf 79' lang='lat' dir='ltr'><strong>tabernaculum</strong></span> <span class='ocrx_word' id='word_1_260' title='bbox 614 3489 668 3523; x_wconf 90' lang='lat' dir='ltr'><strong>uon</strong></span> <span class='ocrx_word' id='word_1_261' title='bbox 711 3470 1046 3540; x_wconf 77' lang='lat' dir='ltr'><strong>bominumCXX,proeter</strong></span> <span class='ocrx_word' id='word_1_262' title='bbox 1052 3471 1216 3544; x_wconf 85' lang='lat' dir='ltr'><strong>triariorum,</strong></span> 
     </span>
     <span class='ocr_line' id='line_1_33' title="bbox 163 3549 1218 3622; baseline -0.004 -16"><span class='ocrx_word' id='word_1_263' title='bbox 163 3553 216 3606; x_wconf 81' lang='lat' dir='ltr'><strong>rite</strong></span> <span class='ocrx_word' id='word_1_264' title='bbox 236 3561 302 3602; x_wconf 86' lang='lat' dir='ltr'><strong>esset</strong></span> <span class='ocrx_word' id='word_1_265' title='bbox 320 3561 433 3621; x_wconf 87' lang='lat' dir='ltr'><strong>captum.</strong></span> <span class='ocrx_word' id='word_1_266' title='bbox 456 3549 580 3600; x_wconf 87' lang='lat' dir='ltr'><strong>Solebant</strong></span> <span class='ocrx_word' id='word_1_267' title='bbox 599 3551 669 3602; x_wconf 85' lang='lat' dir='ltr'><strong>enim</strong></span> <span class='ocrx_word' id='word_1_268' title='bbox 712 3551 757 3622; x_wconf 88' lang='lat' dir='ltr'><strong>qui</strong></span> <span class='ocrx_word' id='word_1_269' title='bbox 770 3562 825 3602; x_wconf 84' lang='lat' dir='ltr'><strong>erat</strong></span> <span class='ocrx_word' id='word_1_270' title='bbox 834 3550 891 3602; x_wconf 86' lang='lat' dir='ltr'><strong>LX.</strong></span> <span class='ocrx_word' id='word_1_271' title='bbox 899 3550 939 3601; x_wconf 90' lang='lat' dir='ltr'><strong>Ita</strong></span> <span class='ocrx_word' id='word_1_272' title='bbox 948 3549 1218 3620; x_wconf 85' lang='lat' dir='ltr'><strong>plenaooborshomi.</strong></span> 
     </span>
     <span class='ocr_line' id='line_1_34' title="bbox 163 3627 1219 3703; baseline 0.006 -23"><span class='ocrx_word' id='word_1_273' title='bbox 163 3633 337 3702; x_wconf 82' lang='lat' dir='ltr'><strong>imperatores</strong></span> <span class='ocrx_word' id='word_1_274' title='bbox 349 3628 465 3692; x_wconf 88' lang='lat' dir='ltr'><strong>romani,</strong></span> <span class='ocrx_word' id='word_1_275' title='bbox 477 3647 560 3699; x_wconf 85' lang='lat' dir='ltr'><strong>quum</strong></span> <span class='ocrx_word' id='word_1_276' title='bbox 572 3629 670 3681; x_wconf 88' lang='lat' dir='ltr'><strong>malum</strong></span> <span class='ocrx_word' id='word_1_277' title='bbox 713 3629 878 3692; x_wconf 65' lang='lat' dir='ltr'><strong>numdaoSi</strong></span> <span class='ocrx_word' id='word_1_278' title='bbox 885 3627 1016 3700; x_wconf 89' lang='lat' dir='ltr'><strong>pleniores</strong></span> <span class='ocrx_word' id='word_1_279' title='bbox 1022 3631 1219 3703; x_wconf 80' lang='lat' dir='ltr'><strong>manipulietle-</strong></span> 
     </span>
     <span class='ocr_line' id='line_1_35' title="bbox 164 3707 1218 3780; baseline 0.007 -16"><span class='ocrx_word' id='word_1_280' title='bbox 164 3728 246 3764; x_wconf 85' lang='lat' dir='ltr'><strong>omen</strong></span> <span class='ocrx_word' id='word_1_281' title='bbox 265 3707 415 3776; x_wconf 81' lang='lat' dir='ltr'><strong>incidisset,</strong></span> <span class='ocrx_word' id='word_1_282' title='bbox 430 3727 618 3779; x_wconf 86' lang='lat' dir='ltr'><strong>nonnunquam</strong></span> <span class='ocrx_word' id='word_1_283' title='bbox 637 3710 670 3761; x_wconf 88' lang='lat' dir='ltr'><strong>ab</strong></span> <span class='ocrx_word' id='word_1_284' title='bbox 713 3708 1218 3780; x_wconf 76' lang='lat' dir='ltr'><strong>giones,pleuioretipsa;indecobortes</strong></span> 
     </span>
     <span class='ocr_line' id='line_1_36' title="bbox 164 3787 1217 3864; baseline 0.003 -23"><span class='ocrx_word' id='word_1_285' title='bbox 164 3790 281 3845; x_wconf 83' lang='lat' dir='ltr'><strong>exercitu</strong></span> <span class='ocrx_word' id='word_1_286' title='bbox 293 3790 403 3840; x_wconf 86' lang='lat' dir='ltr'><strong>Ilomam</strong></span> <span class='ocrx_word' id='word_1_287' title='bbox 414 3789 509 3840; x_wconf 80' lang='lat' dir='ltr'><strong>reverti</strong></span> <span class='ocrx_word' id='word_1_288' title='bbox 521 3789 556 3840; x_wconf 83' lang='lat' dir='ltr'><strong>ad</strong></span> <span class='ocrx_word' id='word_1_289' title='bbox 566 3792 671 3860; x_wconf 71' lang='lat' dir='ltr'><strong>acupicta</strong></span> <span class='ocrx_word' id='word_1_290' title='bbox 713 3787 1092 3860; x_wconf 83' lang='lat' dir='ltr'><strong>quingenariasetseacenarias</strong></span> <span class='ocrx_word' id='word_1_291' title='bbox 1100 3793 1217 3864; x_wconf 70' lang='lat' dir='ltr'><strong>legimus,</strong></span> 
     </span>
     <span class='ocr_line' id='line_1_37' title="bbox 165 3867 1220 3941; baseline 0.008 -19"><span class='ocrx_word' id='word_1_292' title='bbox 165 3869 291 3941; x_wconf 80' lang='lat' dir='ltr'><strong>repetenda</strong></span> <span class='ocrx_word' id='word_1_293' title='bbox 306 3869 361 3922; x_wconf 83' lang='lat' dir='ltr'><strong>sive</strong></span> <span class='ocrx_word' id='word_1_294' title='bbox 380 3867 521 3920; x_wconf 75' lang='lat' dir='ltr'><strong>renovenda.</strong></span> <span class='ocrx_word' id='word_1_295' title='bbox 540 3867 590 3920; x_wconf 86' lang='lat' dir='ltr'><strong>Hic</strong></span> <span class='ocrx_word' id='word_1_296' title='bbox 608 3886 672 3920; x_wconf 83' lang='lat' dir='ltr'><strong>vero</strong></span> <span class='ocrx_word' id='word_1_297' title='bbox 715 3868 945 3922; x_wconf 80' lang='lat' dir='ltr'><strong>Grascicobortem</strong></span> <span class='ocrx_word' id='word_1_298' title='bbox 956 3869 1034 3940; x_wconf 80' lang='lat' dir='ltr'><strong>vulgo</strong></span> <span class='ocrx_word' id='word_1_299' title='bbox 1044 3887 1138 3926; x_wconf 82' lang='lat' dir='ltr'><strong>vocant</strong></span> <span class='ocrx_word' id='word_1_300' title='bbox 1148 3880 1220 3930; x_wconf 77' lang='lat' dir='ltr'><strong>enai·</strong></span> 
     </span>
     <span class='ocr_line' id='line_1_38' title="bbox 166 3947 1219 4024; baseline 0.002 -20"><span class='ocrx_word' id='word_1_301' title='bbox 166 3951 198 4004; x_wconf 88' lang='lat' dir='ltr'><strong>C.</strong></span> <span class='ocrx_word' id='word_1_302' title='bbox 207 3949 284 4002; x_wconf 85' lang='lat' dir='ltr'><strong>Cotta</strong></span> <span class='ocrx_word' id='word_1_303' title='bbox 295 3949 441 4001; x_wconf 82' lang='lat' dir='ltr'><strong>Messanam</strong></span> <span class='ocrx_word' id='word_1_304' title='bbox 454 3947 568 4010; x_wconf 84' lang='lat' dir='ltr'><strong>transiit,</strong></span> <span class='ocrx_word' id='word_1_305' title='bbox 579 3947 672 4000; x_wconf 85' lang='lat' dir='ltr'><strong>urbem</strong></span> <span class='ocrx_word' id='word_1_306' title='bbox 716 3967 768 4020; x_wconf 77' lang='lat' dir='ltr'><strong>pas.</strong></span> <span class='ocrx_word' id='word_1_307' title='bbox 785 3949 915 4002; x_wconf 85' lang='lat' dir='ltr'><strong>Cohortes</strong></span> <span class='ocrx_word' id='word_1_308' title='bbox 929 3967 1018 4002; x_wconf 82' lang='lat' dir='ltr'><strong>omues</strong></span> <span class='ocrx_word' id='word_1_309' title='bbox 1030 3950 1059 4002; x_wconf 90' lang='lat' dir='ltr'><strong>iu</strong></span> <span class='ocrx_word' id='word_1_310' title='bbox 1073 3951 1219 4024; x_wconf 73' lang='lat' dir='ltr'><strong>legionibus</strong></span> 
     </span>
     <span class='ocr_line' id='line_1_39' title="bbox 166 4027 1220 4104; baseline -0.001 -22"><span class='ocrx_word' id='word_1_311' title='bbox 166 4029 303 4100; x_wconf 82' lang='lat' dir='ltr'><strong>capitalem</strong></span> <span class='ocrx_word' id='word_1_312' title='bbox 318 4029 426 4090; x_wconf 77' lang='lat' dir='ltr'><strong>Siciliae,</strong></span> <span class='ocrx_word' id='word_1_313' title='bbox 439 4046 497 4099; x_wconf 79' lang='lat' dir='ltr'><strong>quae</strong></span> <span class='ocrx_word' id='word_1_314' title='bbox 508 4027 558 4099; x_wconf 87' lang='lat' dir='ltr'><strong>ipsi</strong></span> <span class='ocrx_word' id='word_1_315' title='bbox 568 4029 674 4098; x_wconf 76' lang='lat' dir='ltr'><strong>provin·</strong></span> <span class='ocrx_word' id='word_1_316' title='bbox 716 4041 791 4080; x_wconf 79' lang='lat' dir='ltr'><strong>eram</strong></span> <span class='ocrx_word' id='word_1_317' title='bbox 801 4047 913 4080; x_wconf 90' lang='lat' dir='ltr'><strong>numero</strong></span> <span class='ocrx_word' id='word_1_318' title='bbox 923 4030 1046 4100; x_wconf 84' lang='lat' dir='ltr'><strong>aequales,</strong></span> <span class='ocrx_word' id='word_1_319' title='bbox 1058 4033 1119 4104; x_wconf 70' lang='lat' dir='ltr'><strong>qma</strong></span> <span class='ocrx_word' id='word_1_320' title='bbox 1131 4048 1158 4088; x_wconf 75' lang='lat' dir='ltr'><strong>er</strong></span> <span class='ocrx_word' id='word_1_321' title='bbox 1167 4057 1220 4090; x_wconf 63' lang='lat' dir='ltr'><strong>ma.</strong></span> 
     </span>
     <span class='ocr_line' id='line_1_40' title="bbox 166 4107 1221 4182; baseline 0.006 -22"><span class='ocrx_word' id='word_1_322' title='bbox 166 4109 207 4160; x_wconf 90' lang='lat' dir='ltr'><strong>cia</strong></span> <span class='ocrx_word' id='word_1_323' title='bbox 222 4109 373 4162; x_wconf 82' lang='lat' dir='ltr'><strong>obvenerat.</strong></span> <span class='ocrx_word' id='word_1_324' title='bbox 394 4141 431 4150; x_wconf 95' lang='lat'><em>-</em></span> <span class='ocrx_word' id='word_1_325' title='bbox 454 4107 551 4160; x_wconf 73' lang='lat' dir='ltr'><strong>Militia</strong></span> <span class='ocrx_word' id='word_1_326' title='bbox 572 4127 672 4160; x_wconf 75' lang='lat' dir='ltr'><strong>misnen.</strong></span> <span class='ocrx_word' id='word_1_327' title='bbox 717 4108 801 4180; x_wconf 88' lang='lat' dir='ltr'><strong>nipuli</strong></span> <span class='ocrx_word' id='word_1_328' title='bbox 816 4107 886 4162; x_wconf 86' lang='lat' dir='ltr'><strong>tales.</strong></span> <span class='ocrx_word' id='word_1_329' title='bbox 904 4107 955 4162; x_wconf 85' lang='lat' dir='ltr'><strong>Sed</strong></span> <span class='ocrx_word' id='word_1_330' title='bbox 972 4111 1079 4182; x_wconf 81' lang='lat' dir='ltr'><strong>primae,</strong></span> <span class='ocrx_word' id='word_1_331' title='bbox 1098 4133 1147 4168; x_wconf 87' lang='lat' dir='ltr'><strong>nec</strong></span> <span class='ocrx_word' id='word_1_332' title='bbox 1167 4137 1221 4170; x_wconf 85' lang='lat' dir='ltr'><strong>non</strong></span> 
     </span>
     <span class='ocr_line' id='line_1_41' title="bbox 167 4187 1224 4264; baseline 0.007 -24"><span class='ocrx_word' id='word_1_333' title='bbox 167 4188 244 4258; x_wconf 78' lang='lat' dir='ltr'><strong>Pigh.</strong></span> <span class='ocrx_word' id='word_1_334' title='bbox 258 4187 361 4242; x_wconf 86' lang='lat' dir='ltr'><strong>addidit</strong></span> <span class='ocrx_word' id='word_1_335' title='bbox 372 4187 497 4260; x_wconf 62' lang='lat' dir='ltr'><strong>fagulis:</strong></span> <span class='ocrx_word' id='word_1_336' title='bbox 513 4200 608 4260; x_wconf 75' lang='lat' dir='ltr'><strong>preter</strong></span> <span class='ocrx_word' id='word_1_337' title='bbox 620 4206 675 4240; x_wconf 84' lang='lat' dir='ltr'><strong>om·</strong></span> <span class='ocrx_word' id='word_1_338' title='bbox 717 4190 774 4259; x_wconf 82' lang='lat' dir='ltr'><strong>ejus</strong></span> <span class='ocrx_word' id='word_1_339' title='bbox 786 4187 945 4256; x_wconf 84' lang='lat' dir='ltr'><strong>centurioni,</strong></span> <span class='ocrx_word' id='word_1_340' title='bbox 966 4189 1076 4264; x_wconf 80' lang='lat' dir='ltr'><strong>quidam</strong></span> <span class='ocrx_word' id='word_1_341' title='bbox 1090 4192 1224 4264; x_wconf 73' lang='lat' dir='ltr'><strong>dignitatis</strong></span> 
     </span>
    </p>
   </div>
   <div class='ocr_carea' id='block_1_4' title="bbox 0 0 1619 5132">
    <p class='ocr_par' dir='ltr' id='par_1_6' title="bbox 0 0 1619 5132">
     <span class='ocr_line' id='line_1_42' title="bbox 0 0 1619 5132; baseline 0 0"><span class='ocrx_word' id='word_1_342' title='bbox 0 0 1619 5132; x_wconf 95' lang='lat' dir='ltr'><strong> </strong></span> 
     </span>
    </p>
   </div>
  </div>
 </body>
</html>
