3168 5124
198 447 307 516 'CAR
336 446 390 535 II,
418 447 481 516 DE
509 446 685 516 LIBERE
702 445 821 517 DlCT.
849 445 942 517 AUT
969 449 1094 520 FACT.
1155 457 1231 552 429

219 601 275 648 tt.
298 581 372 648 Jam
393 580 463 682 Ser.
485 576 601 649 Galbae
615 577 829 648 temeritatis¹
845 576 943 674 plena
959 581 1157 678 postulatio,
1176 589 1232 680 qui

158 685 285 754 Divum
298 689 317 754 J
319 683 423 754 ulium
436 687 674 756 consummatis
689 687 836 756 victoriis
850 687 884 754 in
898 687 971 756 loro
981 689 1036 782 jus
1048 689 1232 780 dicentem,

156 792 194 858 in
214 792 305 861 bunc
325 779 463 862 modurn
486 791 696 887 interpellare
717 794 891 862 sustinuit:
911 823 928 859 s
950 797 988 864 C.
1005 795 1070 866 Juli
1092 801 1229 888 Caesar,

155 923 222 991 pro
245 901 306 968 Cn.
329 901 488 994 Pompeio
507 901 656 994 Magno,
675 900 843 994 quondam
868 925 991 994 genero
1012 917 1088 992 tuo,
1109 906 1142 973 in
1165 921 1231 976 ter-

156 1007 207 1076 tio
227 1006 298 1098 ejus
312 1005 487 1078 consulatu
509 1008 683 1101 pecuniam
698 1006 884 1102 spopondi,
906 1033 973 1102 quo
986 1013 1119 1080 nomine
1141 1039 1231 1084 nunc

155 1111 317 1206 appellor.
340 1112 431 1202 Quid
454 1137 551 1208 agam
566 1111 581 1181 i
599 1111 811 1208 dependam?
826 1143 843 1178 r
869 1109 982 1183 Palani
998 1131 1097 1210 atque
1116 1135 1232 1214 aperte

156 1221 188 1285 ei
205 1219 369 1289 bonorum
385 1221 535 1316 Pompeii
557 1218 782 1288 venditionem
805 1220 1060 1314 exprobrando,
1082 1240 1120 1294 ut
1139 1229 1229 1296 atri·

155 1325 271 1394 bunali
289 1327 562 1413 submoveretur,
577 1339 765 1394 meruerat:
785 1326 843 1394 sed
859 1324 939 1396 illud
957 1330 1028 1423 ipsa
1040 1348 1225 1404 mansuetu·

156 1431 234 1501 dine
248 1433 360 1502 mitius
377 1447 513 1528 pectus,
527 1455 571 1501 aes
591 1429 734 1500 alienum
750 1434 900 1527 Pompeii
913 1458 954 1502 ex
970 1459 1032 1506 suo
1049 1435 1131 1508 fisco
1147 1439 1230 1511 solvi

151 1539 259 1630 jussit.

217 1670 272 1715 12.
286 1645 324 1712 A.
338 1642 517 1714 Cascellius
526 1643 549 1732 ²,
563 1646 615 1713 vir
624 1643 709 1739 juris
723 1644 831 1716 civilis
842 1649 980 1716 scientia
993 1647 1116 1739 clarus,
1129 1675 1229 1746 quam

155 1749 342 1844 periculose
357 1746 556 1820 contumax!
574 1749 696 1820 nullius
714 1753 803 1820 enim
818 1767 876 1822 aut
890 1755 996 1848 gratia
1009 1771 1067 1826 aut
1084 1763 1229 1829 auctori-

156 1872 226 1924 tate
247 1855 400 1953 compelli
417 1861 546 1953 potuit,
560 1872 598 1926 ut
613 1857 654 1926 de
670 1856 779 1952 aliqua
796 1883 911 1928 earum
928 1882 1059 1948 rerum,
1074 1889 1156 1958 quas
1170 1869 1236 1937 tri··

156 1965 280 2033 umviri
293 1951 485 2053 dederant³,
502 1963 680 2034 formulam
695 1980 930 2060 componeret;
946 1967 1011 2038 hoc
1025 1971 1127 2038 animi
1139 1973 1228 2064 judi·

156 2074 210 2140 cio
224 2073 371 2140 victoriae
380 2058 515 2141 eorum⁴
524 2070 686 2140 beneficia
696 2087 789 2140 extra
804 2095 937 2140 ornnem
949 2074 1101 2144 ordinem
1116 2076 1228 2173 legum

154 2203 292 2273 ponens.
308 2177 402 2247 Idem
414 2203 517 2273 quum
531 2177 637 2246 multa
648 2177 690 2246 de
701 2179 909 2274 temporibus
919 2163 932 2204 ⁵
942 2182 1082 2252 Caesaris
1093 2182 1228 2257 liberius

199 2408 224 2442 r.
245 2389 405 2440 Temeritatis,
419 2385 506 2450 Quam
518 2383 669 2437 libertatem
757 2383 784 2436 3.
805 2382 938 2436 Dederaat.
956 2382 1164 2441 constituerant.
1186 2417 1228 2432 -

154 2474 184 2525 in
200 2467 359 2540 Pompeium
373 2466 484 2539 probat,
499 2465 529 2518 in
551 2465 617 2518 Cres.
633 2477 669 2517 te·
715 2461 1118 2536 Formuinm.Quavituperande
1129 2470 1227 2540 proba·

154 2555 286 2603 meritatem
293 2560 378 2602 vocat.
387 2549 437 2600 An.
445 2545 545 2616 tJ.7ot
553 2545 667 2599 circiter.
713 2555 764 2596 ret.
781 2543 830 2596 llle
842 2563 907 2597 vero
920 2544 1051 2598 beneficit
1062 2565 1117 2600 nou
1133 2549 1227 2603 habuit

199 2651 224 2683 a.
243 2627 447 2683 caroloman.
466 2625 501 2679 U.
517 2629 575 2696 760
590 2624 669 2679 circi·
714 2642 765 2695 pro
783 2623 900 2694 legibus,
913 2635 943 2676 ut
958 2637 1070 2696 propter
1087 2627 1132 2680 illa
1149 2630 1225 2701 quic.

152 2723 212 2775 ter;
231 2706 292 2762 vide
311 2708 381 2761 inira
396 2707 479 2771 VIII,
499 2723 545 2768 rr,
568 2705 669 2759 1.οι-
713 2721 793 2774 quam
806 2703 940 2758 inhonesti
953 2704 1059 2759 laceret.

153 2791 245 2845 sellius
258 2789 274 2842 J
277 2788 341 2840 Ctus
353 2786 481 2840 beneficia
493 2783 614 2856 quedam
626 2804 669 2838 ao·
756 2789 782 2846 4.
798 2782 916 2836 Victoriae
923 2803 1011 2838 eorum.
1022 2785 1067 2839 Sic
1075 2786 1153 2859 longe
1164 2789 1225 2860 plu·

152 2883 260 2942 ceperat
277 2888 292 2921 a
306 2867 468 2933 triumviris,
491 2865 585 2920 Octav.
605 2867 667 2919 Ant.
713 2862 775 2916 rimi
788 2857 864 2915 MSS.
881 2875 908 2917 et
923 2858 965 2917 ed.
980 2864 1052 2936 Meg.
1063 2866 1169 2938 aliique.
1183 2869 1226 2922 Pi·

153 2963 184 3004 et
195 2952 260 3022 Lep.
269 2949 326 3002 Hos
336 2947 465 3012 voluisse,
477 2957 508 2998 ut
523 2943 668 2999 divenditis
713 2943 790 3014 ghius
805 2940 915 2996 dederat
933 2947 1104 3007 victorici-ron,
1127 2949 1225 3002 omisso
1260 2997 1262 3006 ,

151 3031 367 3104 proscriptorum
391 3027 485 3090 bonis,
506 3045 599 3080 eorum
620 3025 669 3078 ali·
712 3041 801 3076 eorum.
816 3021 941 3096 Plerique
953 3023 1044 3094 legtmt
1060 3030 1169 3080 πίνακα
1187 3033 1226 3081 oi·

152 3130 235 3184 quam
253 3109 395 3163 fortnulam
421 3103 525 3172 ederet,
544 3105 670 3159 nonnulli
712 3105 797 3155 ctorioe
811 3122 891 3154 eorrtm
906 3102 1028 3174 beneficia.
1043 3104 1124 3170 Quod
1140 3107 1225 3178 placet

151 3205 258 3263 putant.
267 3186 349 3255 Quod
359 3189 444 3240 lacere
454 3186 596 3250 recusavit,
604 3185 669 3238 exis-
712 3181 825 3248 Torren.
836 3183 1011 3256 Kappioque;
1021 3203 1142 3256 magnam
1152 3189 1224 3240 euim

152 3272 268 3335 timaus,
291 3281 386 3323 cuncta
408 3265 517 3319 illorum
540 3265 669 3320 beneficia
712 3263 850 3336 emphasin
864 3263 961 3330 habet,
974 3267 1224 3321 universabenelicie

151 3351 258 3424 privata
270 3351 349 3421 longe
362 3359 468 3401 remota
482 3364 538 3398 esse
553 3346 668 3416 elegum
712 3342 830 3397 victorin
842 3362 935 3396 eorum
947 3357 1020 3398 extra
1031 3365 1122 3398 omnem
1134 3347 1223 3420 legum

150 3430 263 3502 judicio.
283 3428 359 3483 Idem
381 3445 465 3499 quum
485 3425 569 3478 libere
588 3425 668 3478 nimis
711 3420 836 3498 ordinem
849 3423 953 3495 abipso
968 3425 1054 3496 posita
1065 3424 1129 3481 dioi.

151 3509 189 3566 de
208 3511 303 3564 misera
318 3511 362 3562 illa
377 3518 532 3578 tempestate
549 3517 576 3558 et
592 3505 667 3576 prin·
754 3504 780 3556 5.
800 3503 955 3575 Temporibus
973 3505 1085 3560 Caesaris.
1101 3505 1154 3560 Ed.
1169 3519 1221 3561 vet.

151 3592 245 3662 cipum
255 3583 666 3659 cmdelitsteloqueretnr,quod‚
707 3583 1221 3659 patribus,omissoCoesaris‚unde1ips.

152 3667 668 3732 nefaceret‚edmouereturesnis;re·
711 3663 820 3734 conjicit
838 3664 958 3734 partitio.
984 3664 1089 3718 Cereris
1108 3667 1138 3719 in
1157 3667 1224 3720 mul·

153 3749 281 3822 spondit:
298 3747 373 3800 «duo
388 3765 459 3814 esse,
471 3765 530 3819 quae
544 3763 667 3817 magnam
711 3743 745 3796 tis
755 3742 832 3810 MSS.
845 3743 992 3811 omittitur‚
1002 3746 1049 3816 qui
1060 3758 1148 3800 tamen
1159 3747 1222 3801 reti·

151 3827 261 3884 dicendi
282 3839 437 3900 prestarent
455 3825 611 3894 eudociam,
625 3845 665 3879 se-
711 3835 776 3876 nent
791 3824 941 3895 temporibus.
949 3824 977 3878 si
992 3827 1222 3898 temporibuslegar,

147 3923 288 3972 ¹nectutem
301 3921 328 3961 et
338 3907 488 3960 orbitatem.
502 3933 513 3954 ι
537 3906 666 3960 Similiter
709 3902 881 3974 intelligenda
892 3917 954 3958 sunt
967 3916 1087 3978 ternpore
1102 3907 1223 3962 triumvi-

154 3989 297 4043 Considius
306 3985 378 4060 apud
387 3987 500 4041 Pluttrc.
513 3989 542 4040 in
553 3987 664 4041 Cessare.
709 4001 820 4036 rorum:
842 3985 863 4037 si
880 3984 1022 4055 temporibus
1038 3985 1158 4055 Caesaris,
1179 3989 1222 4042 vel

154 4070 266 4124 Cerellii
286 4068 409 4122 meminit
426 4068 506 4122 etiarn
526 4067 619 4120 lieret.
636 4067 665 4119 in
709 4063 851 4135 respicitur
874 4061 909 4117 ad
928 4065 955 4117 J.
982 4065 1111 4120 Cesarem
1126 4105 1135 4133 ,
1153 4069 1221 4133 rel,

155 4151 213 4202 Art.
229 4149 303 4203 Puer.
323 4149 453 4218 3⁶9·7²·
709 4141 783 4216 quod
804 4143 877 4197 malit
897 4145 985 4217 Kapp.
1004 4144 1037 4199 ad
1057 4149 1221 4218 Augustum
