3190 5122
369 474 442 548 δια
547 475 767 545 VALERII
802 473 1011 544 MAXIMI
1044 474 1139 542 LIB.
1174 475 1240 542 IV.

367 633 460 678 mero
481 608 696 678 Lemniorum
714 607 748 676 in
768 604 873 676 insula
898 619 1074 702 concepta,
1096 630 1156 700 per
1182 602 1310 699 aliquot
1331 629 1432 676 secu-

367 713 477 784 lorum
505 715 593 782 vices
615 713 723 784 stabili
743 714 777 782 in
805 713 881 784 sede
904 727 1089 798 manserat,
1108 735 1128 779 a
1144 709 1283 806 pelasgis
1302 711 1434 806 expulsi

367 823 482 908 armis,
508 818 621 888 alienae
643 821 715 916 opis
732 818 851 914 indigi,
877 815 1004 888 excelsa
1022 822 1243 912 Taygetorum
1263 819 1432 889 montium

365 927 445 1020 juga
471 923 635 1020 supplices
662 940 914 1020 occupaverant.
941 927 1035 1015 Quos
1059 937 1213 1019 spartana
1234 923 1349 993 civitas
1370 949 1432 994 m-

367 1029 499 1126 spectu¹
509 1031 769 1125 Tyndaridarum
788 1024 951 1127 (namque
971 1032 1005 1100 in
1022 1028 1078 1099 illo
1092 1027 1211 1098 nobilis
1225 1028 1320 1098 famae
1334 1032 1431 1100 navi·

368 1134 441 1230 gio²
457 1136 656 1208 destinatum
673 1136 833 1222 sideribus
847 1162 908 1232 par
925 1137 1065 1206 fratrum
1082 1127 1253 1228 fulserat),
1267 1135 1430 1207 deductos

319 1305 322 1310 .
366 1242 443 1312 inde
464 1241 593 1338 legibus
615 1243 861 1338 commodisque
879 1245 945 1314 suis
973 1241 1168 1327 immiscuit3
1187 1241 1245 1310 sed
1261 1241 1327 1310 boc
1348 1257 1429 1310 tan-

253 1418 254 1422 ,
367 1363 439 1418 tum
456 1348 655 1418 beneficium
677 1350 711 1418 iu
728 1349 880 1444 injuriam
902 1349 985 1419 bene
1013 1349 1136 1418 meritae
1158 1347 1264 1435 urbis,
1284 1372 1430 1442 regnum

366 1452 574 1542 affectantes,
593 1469 787 1522 verterunt:
813 1457 913 1547 igitur
941 1453 1081 1548 publicae
1103 1453 1259 1524 custodire
1287 1451 1429 1542 inclusi,

365 1558 498 1654 capitali
515 1558 768 1628 asservabantur
778 1557 950 1654 supplicio.
961 1557 1062 1646 Quod
1074 1582 1176 1652 quum
1187 1611 1196 1644 ‚
1207 1573 1319 1628 vetere
1332 1559 1427 1629 insti·

365 1679 438 1738 tuto
454 1653 780 1734 Lacedaemoniorum
791 1718 800 1752 ,
813 1679 978 1736 nocturno
997 1678 1147 1760 tempore
1161 1667 1289 1759 passuri
1301 1680 1427 1748 essent,

365 1771 525 1864 conjuges
541 1794 675 1859 conam,
687 1769 821 1840 illustris
838 1771 883 1844 ibi
897 1757 1425 1866 sauguinis,vclutalloquuturae³

365 1878 530 1972 perituros
550 1877 657 1966 viros,
678 1878 853 1973 impetrato
872 1903 892 1946 a
910 1875 1101 1948 custodibus
1126 1876 1235 1960 aditu,
1256 1899 1424 1947 carcerem

365 1985 589 2070 intraverunt3
609 1999 873 2079 commutataque
890 1970 1010 2073 vcste⁴,
1024 2008 1085 2079 per
1100 1981 1341 2052 simulationem
1363 1981 1425 2052 do·

365 2086 444 2158 loris
464 2087 580 2159 velatis
607 2089 787 2186 capitibus,
814 2115 870 2160 eos
896 2090 987 2160 abire
1012 2113 1115 2185 passae
1146 2103 1232 2160 sunt
1252 2091 1327 2158 Hoc
1347 2087 1424 2159 loco

365 2193 444 2290 quid
462 2193 550 2264 aliud
570 2195 764 2290 adjecerim,
776 2221 876 2291 quam
897 2196 1012 2292 dignas
1033 2195 1150 2286 fuisse,
1165 2194 1283 2290 quibus
1298 2196 1424 2289 Minyae

363 2299 550 2370 nuberent?

363 2479 544 2535 auferendum
560 2511 600 2523 —
620 2481 767 2536 barionem
789 2485 814 2535 in
832 2488 869 2536 in·
912 2481 1369 2556 enodem,caussmpssbuit,ur
1381 2487 1425 2540 iu-

363 2561 425 2612 sula.
454 2559 510 2612 Ubi
533 2560 566 2612 ab
590 2559 755 2633 Hypsipyle,
779 2563 869 2634 regina
912 2565 1072 2620 moderetur.
1085 2596 1126 2608 -
1141 2563 1341 2638 Tyndaridai-rm.
1355 2565 1424 2618 Cas·

361 2637 469 2704 Lemni,
490 2637 603 2710 benigne
619 2651 681 2693 sunt
699 2643 809 2714 excepti.
829 2675 869 2686 -
912 2643 976 2698 toris
992 2656 1018 2699 et
1033 2642 1160 2707 Pollucis,
1171 2641 1218 2716 qui
1232 2655 1292 2698 sunt
1302 2663 1352 2715 par
1361 2647 1423 2712 fiu-

365 2721 535 2791 Tcygstorum.
561 2717 666 2772 Montes
694 2720 723 2774 bi
748 2721 869 2777 Laconis
912 2723 1126 2789 tntm,htedorum
1135 2721 1423 2788 Cbaldaicornmloco,

361 2809 424 2852 sunt
437 2795 650 2852 Lacedaemonem
662 2798 733 2853 inter
747 2812 773 2854 et
786 2821 866 2856 mare.
911 2805 960 2856 sub
971 2803 1141 2876 gemellorum
1153 2802 1274 2870 nomine,
1283 2803 1312 2856 in
1322 2801 1423 2857 sideri·

361 2878 562 2948 occupaverant
576 2876 683 2950 quidem
693 2893 807 2946 montes,
821 2878 867 2934 sed
910 2883 962 2936 bus
976 2883 1142 2936 collocatum.

361 2957 502 3028 Spartanos
514 2958 754 3031 tamausuppliccs‚
768 2961 866 3033 nepel·
953 2981 977 3015 a.
995 2961 1092 3016 Nobilis
1105 2963 1182 3029 sermea
1202 2965 1306 3032 navigio.
1327 2961 1422 3034 Argo,

359 3037 491 3101 ferentur,
513 3055 630 3092 oravere.
909 3039 981 3094 unde
995 3042 1161 3112 Argonauta.
1173 3072 1214 3084 -
1228 3040 1423 3114 comamque.

403 3135 428 3168 r.
441 3117 564 3186 Respecto.
577 3114 662 3170 Codd.
676 3115 754 3172 Mss.
764 3117 866 3191 aliquot
909 3118 1054 3176 Commoda
1066 3133 1128 3174 sunt
1142 3119 1291 3193 privilegia,
1305 3124 1376 3190 jura.

359 3193 462 3247 addunt
488 3199 582 3266 recepit.
611 3196 701 3250 Potest
726 3197 863 3252 commode
949 3197 1421 3272 3.Alloqnutures.blloquiprocon-

359 3275 456 3327 abesse.
474 3273 652 3342 Parentbesis,
667 3288 727 3346 post
743 3278 864 3350 Tyndari·
907 3279 1000 3347 solari,
1010 3278 1164 3334 valedicere.

359 3353 443 3405 darum
455 3351 615 3419 inchoanda,
637 3373 721 3426 quum
735 3357 863 3423 efficeret,
949 3366 975 3423 4.
986 3359 1182 3432 Commatotaque
1193 3370 1265 3412 ueste.
1277 3357 1370 3411 Simile
1383 3357 1421 3412 de

358 3444 389 3488 ut
408 3431 558 3508 precedens
581 3431 705 3505 periodus
730 3433 865 3490 videretur
907 3437 1083 3512 Theopompo
1096 3439 1177 3494 refert
1185 3438 1296 3505 Quintil.
1309 3439 1352 3505 11,
1370 3457 1419 3512 17.
