3218 5128
126 463 196 484 mu
203 462 1188 498 tfflfflmfflmfflmwnssmmmmfflmm

278 697 570 786 NOTITIA
619 697 1043 800 LITTERARIA

634 948 688 1000 DE

209 1157 630 1308 vatnam
681 1181 1107 1342 narrata,

126 1537 169 1582 EX
197 1537 248 1584 10.
280 1537 355 1582 ΑΕΒ.
386 1535 542 1584 rauntcn
566 1537 806 1592 ammoniaca
833 1539 966 1588 LATIM
990 1543 1012 1587 Δ
1035 1543 1084 1590 10.
1109 1543 1191 1592 ΑΗΕ.

262 1679 409 1726 nnnnsrr
440 1679 590 1726 suerrus
617 1679 740 1744 antro,
767 1679 854 1728 rou.
884 1681 930 1742 n,
957 1683 989 1728 c.
1021 1656 1052 1730 5.

410 1927 913 1965 ,ψ

163 2180 304 2252 Valerii
319 2183 480 2250 Maximi
498 2191 607 2266 cetos,
626 2192 663 2248 et
684 2173 769 2246 libri
782 2181 841 2251 IX
852 2180 1159 2256 Memorabilium.

125 2430 379 2546 vanamne
401 2475 642 2556 Mortuus,
663 2493 839 2559 romanus,
858 2497 960 2566 quum
980 2499 1040 2570 per
1057 2475 1189 2574 aliquod

124 2596 273 2677 tempus,
294 2581 396 2676 petita
414 2603 490 2648 cum
510 2579 610 2647 Sexto
625 2579 784 2671 Pompeio
797 2579 873 2647 Asia
889 2573 950 2668 (H.
966 2579 1000 2650 6.
1016 2582 1048 2652 8.
1058 2573 1089 2670 )‚
1103 2584 1191 2654 mili.

124 2701 238 2774 tasset,
258 2709 410 2757 reversus
428 2688 462 2754 in
476 2685 615 2780 patriam
631 2685 786 2753 extremis
800 2683 921 2754 Tiberii
939 2687 1016 2781 imp.
1033 2695 1190 2785 tempori-

125 2792 185 2864 bus
203 2789 283 2883 (lx.
301 2796 334 2879 lp.
356 2788 429 2879 4.),
445 2805 522 2887 post
537 2789 659 2860 cadem
678 2788 805 2883 Sejani,
824 2791 955 2886 scripsit
972 2793 1014 2862 ad
1035 2796 1188 2868 eumdem

125 2899 356 2996 imperatorem
373 2897 478 2968 libros
491 2901 548 2968 IX
559 2897 724 2966 dt'ctorum
724 2895 977 2992 factorumque
989 2901 1190 2972 memorabi-

125 3007 219 3093 lium,
242 3007 446 3102 digestorum
468 3005 502 3072 in
525 3017 631 3073 certas
650 3000 787 3088 elasses;
808 3027 892 3098 opus
910 3004 1111 3096 jucundum,
1132 3033 1188 3078 va·

126 3113 226 3200 rium,
245 3111 343 3200 utile,
365 3111 554 3204 lectumque
573 3107 695 3196 Gellio,
716 3107 768 3177 lib.
787 3111 821 3195 I,
842 3133 913 3204 cap.
933 3135 973 3206 73
991 3112 1113 3200 Plinio,
1132 3113 1186 3184 lib.

125 3219 210 3304 VII,
229 3233 263 3286 et
278 3217 457 3287 Plutarcho
475 3218 509 3284 in
527 3213 710 3301 Marcellol
725 3228 763 3282 ut
781 3217 877 3283 Joan.
896 3217 1189 3306 sarisberiensem,

125 3325 213 3390 Petr.
232 3321 433 3409 Blesensem,
446 3337 480 3392 et
495 3321 575 3390 alios
588 3322 737 3414 juniores
757 3335 1005 3413 praetereamus,
1023 3325 1187 3396 Saxonem

125 3429 292 3522 praecipue
315 3431 582 3522 grammaticum,
601 3427 658 3521 qui
678 3451 753 3494 eum
775 3424 924 3519 plurimis
947 3430 1101 3498 Historia
1123 3457 1189 3504 suae

127 3535 263 3604 Danicoe
281 3531 360 3602 locis
379 3550 427 3602 est
445 3535 608 3618 imitatus,
623 3546 661 3602 ut
679 3545 830 3600 notatum
850 3547 900 3600 est
919 3533 962 3602 ab
978 3533 1066 3620 aliis,
1082 3551 1150 3606 turn
1168 3565 1189 3612 a

127 3641 307 3735 Stephanio
323 3641 356 3708 in
370 3641 464 3708 notis.
479 3639 594 3708 Publii
606 3663 797 3734 praenomen
806 3637 940 3708 Valerio
953 3639 1187 3714 vindicandum

128 3769 192 3815 non
211 3747 340 3816 dubitat
355 3743 575 3840 Marquardus
590 3745 736 3832 Gudius,
754 3747 949 3814 auctoritate
968 3746 1099 3818 Codicis
1116 3753 1187 3821 Me·
1210 3735 1217 3746 ’

128 3851 206 3920 dicei
225 3879 231 3920 :
248 3855 347 3948 igitur
369 3851 410 3920 ad
433 3850 533 3918 alium
552 3865 677 3944 spectat
698 3853 868 3945 inscriptio
889 3867 1002 3934 vetus,
1028 3855 1053 3920 si
1072 3871 1187 3940 vetus,

128 3982 224 4050 quam
243 3959 339 4028 allert
356 3957 563 4028 Gaudentius
578 3955 723 4044 Merula,
738 3955 792 4025 lib.
808 3959 825 4024 Ι
841 3955 882 4024 de
898 3957 1068 4028 Gallorum
1085 3964 1186 4034 Cisal·

130 4065 278 4154 pinorum
297 4067 509 4157 antiquitate,
527 4087 599 4158 cap.
622 4066 656 4148 l.
