3218 5128
395 551 464 620 DE
490 551 727 620 VALERIO
754 551 985 620 MAXIMO.
1019 617 1022 624 ,
1148 581 1223 627 xvn

169 709 243 756 nem
258 679 433 777 aliquando
449 681 593 778 prodant
605 681 661 751 illa
674 680 758 751 lere¹
774 697 870 752 astate
887 684 1073 778 indignam,
1088 687 1150 756 viri
1166 691 1226 758 do-

170 793 211 861 cti
225 790 349 860 habent
363 815 426 883 pro
440 791 586 884 epitoma
601 814 641 858 ex
659 789 784 882 majore
798 787 923 858 Valerii
941 815 1041 884 opere
1055 797 1228 864 concinnu-

169 912 213 984 ta,
228 895 280 966 vel
298 921 319 966 a
336 897 426 966 Iulio
439 895 579 980 Patale,
597 908 635 964 ut
646 897 783 966 Vossius
799 896 934 989 conjicit
946 895 988 964 de
1002 899 1085 968 Hist.
1100 897 1154 969 lat.
1170 901 1224 971 lib.

166 1005 195 1090 1,
209 1027 281 1098 cap.
300 1005 350 1088 nd
364 996 500 1091 (confer
512 997 729 1071 Lambecium
742 1025 769 1071 11
783 1001 824 1070 de
841 1001 1069 1073 BiblVindob.
1084 1029 1115 1099 p.
1132 1005 1225 1100 9343

164 1109 257 1202 quod
278 1123 390 1178 tamen
410 1107 534 1176 librarii
554 1108 664 1202 potius
684 1131 806 1178 nomen
826 1108 958 1176 videtur
978 1110 1050 1178 viro
1071 1110 1170 1182 docto
1192 1116 1225 1182 iu

163 1217 303 1286 ldemor.
316 1211 505 1284 Trivoltinis
523 1237 600 1282 ann.
618 1217 733 1308 17'14,
753 1237 827 1308 pag.
851 1207 934 1302 51),
948 1213 1040 1284 vela
1057 1221 1226 1289 eruarro

162 1318 391 1416 Nepoticuo²,
409 1345 482 1414 qure
496 1321 616 1413 justior
633 1320 720 1388 forte
740 1318 879 1388 Cantslii
901 1322 1042 1414 suspicio
1060 1337 1118 1394 est.
1139 1327 1226 1394 Fun·

163 1425 224 1496 dus
244 1427 342 1519 hujus
359 1427 550 1520 posterioris
567 1426 730 1520 opinionis
748 1439 799 1494 est
818 1425 974 1520 epistola,
991 1451 1089 1524 quarn
1108 1455 1148 1498 ex
1166 1455 1227 1500 ve·

163 1545 231 1602 tere
251 1532 366 1602 codice
387 1531 489 1602 edidit
505 1530 675 1627 Philippus
690 1531 862 1620 Labbeus,
880 1547 959 1602 torn.
977 1535 1012 1616 1,
1025 1533 1108 1603 Bibl.
1128 1539 1224 1606 MSS.

162 1661 235 1733 pag.
250 1623 347 1733 669';
364 1652 398 1706 et
412 1639 489 1731 quia
502 1637 638 1706 brevior
652 1651 716 1724 est,
730 1639 785 1708 lu'c
800 1639 961 1730 integram
977 1663 1145 1734 apponere
1157 1667 1226 1712 non

161 1743 336 1837 gravabor.
441 1825 445 1834 1

257 1913 455 1979 Ianuarius
475 1911 706 2002 Nepotianus
727 1909 865 1976 Victori
881 1931 948 1977 suo
968 1909 1127 1982 salutem.

220 2106 238 2142 α
257 2077 445 2170 Impensius
465 2097 564 2168 quarn
586 2073 696 2142 ceteri
715 2073 938 2144 adolescentes
959 2075 1074 2148 litteris
1092 2083 1223 2153 studes:

159 2207 230 2278 quo
248 2195 378 2251 tantum
397 2179 548 2275 proficis,
566 2193 604 2248 ut
621 2179 731 2273 exigas
750 2181 871 2274 scripta
892 2195 1042 2252 veterum
1061 2193 1225 2278 coerceri,

158 2291 205 2360 mi
215 2289 348 2374 Victor,
366 2286 455 2380 quod
469 2284 630 2379 judicium
645 2287 743 2352 etiarn
755 2287 790 2354 in
807 2287 938 2356 senibus
953 2313 1064 2360 rarum
1080 2307 1137 2362 est.
1157 2297 1224 2390 lgi-

159 2410 215 2466 tur
225 2393 268 2464 de
275 2391 409 2462 Valerio
419 2392 567 2460 Maximo
579 2415 710 2460 mecum
723 2391 836 2476 sentis,
849 2417 950 2486 opera
961 2395 1031 2488 ejus
1044 2397 1224 2488 utiliaesse,

159 2504 186 2570 si
200 2501 269 2571 sint
282 2499 404 2568 brevia.
424 2487 534 2592 Digna
550 2498 638 2565 enim
659 2499 856 2591 cogitatione
874 2504 1061 2595 componit,
1080 2505 1136 2574 sed
1152 2507 1223 2576 col-

159 2605 291 2704 ligenda
310 2603 480 2699 producit,
497 2602 577 2672 dum
592 2627 626 2672 se
644 2617 787 2672 ostentat
807 2607 991 2694 sententiis,
1009 2607 1088 2679 locis
1103 2611 1224 2704 jactat,

159 2713 272 2782 lirndit
282 2711 479 2795 excessibus,
489 2723 523 2778 et
532 2733 573 2778 eo
586 2708 724 2778 fortasse
738 2709 777 2778 fit
789 2711 999 2804 paucioribus
1013 2729 1123 2804 notus,
1133 2721 1222 2812 quod

158 2818 339 2914 legentium
353 2816 501 2885 aviditati
514 2838 608 2883 mora
622 2817 692 2910 ipsa
706 2815 836 2886 fastidio
851 2831 909 2885 est.
925 2820 1082 2888 Recidam
1097 2825 1221 2918 itaque,

157 2939 196 2994 ut
215 2926 285 3011 vis,
304 2923 374 3016 ejus
395 2920 628 3006 redundantia,
646 2935 680 2989 et
696 2919 853 3015 pleraque
872 2926 1112 3017 transgrediar,
1134 2955 1221 2998 non-

157 3029 250 3100 nulla
266 3029 482 3124 pretermissa
500 3040 712 3111 connectam3
727 3026 784 3095 sed
801 3029 865 3096 hoc
879 3053 990 3096 meum
1004 3055 1066 3100 nec
1081 3035 1148 3102 rim
1163 3059 1220 3103 an-

157 3137 327 3230 tiquorum
345 3133 495 3220 babebit,
513 3157 574 3202 nec
592 3132 705 3202 fucum
722 3157 895 3201 novorum.
911 3137 956 3202 Et
971 3161 1072 3229 quum
1092 3140 1219 3235 integra

155 3241 279 3310 sercin
297 3239 426 3309 occulto
445 3239 526 3325 sint,
543 3252 662 3332 praeter
679 3263 739 3307 nos
756 3237 839 3307 duos
861 3239 1011 3333 profecto
1029 3269 1128 3313 nemo
1141 3249 1219 3342 Epi·

156 3359 289 3415 tomata
306 3359 489 3440 cognoscat.
506 3347 579 3413 Hoc
600 3345 702 3412 tutius
720 3345 840 3412 abutor
860 3347 937 3414 otio.
955 3349 1044 3416 Cave
1059 3351 1113 3419 hic
1132 3351 1218 3421 aliud

156 3475 265 3546 quam
283 3449 472 3520 brevitatem
492 3451 767 3544 requiras,quam
780 3448 881 3520 solam
902 3456 1090 3545 poposcisti.
1110 3457 1219 3548 Cura,
1259 3473 1261 3480 '

156 3560 204 3626 mi
217 3557 353 3642 Victor,
372 3570 409 3623 ut
421 3555 536 3624 valeas.
551 3585 569 3619 n

203 3753 228 3786 r.
239 3733 364 3784 &armus
373 3730 401 3782 in
411 3729 597 3782 Ciceroniano:
613 3730 666 3781 Va·
710 3749 802 3782 camier
816 3729 968 3783 elaborastis.
985 3733 1121 3788 Castrense
1135 3757 1217 3809 genus

158 3813 232 3863 lea-ius
246 3811 367 3863 Maximus
388 3821 437 3860 tam
451 3808 533 3860 similis
551 3821 586 3858 est
599 3809 668 3862 Cice-
710 3807 816 3863 dicendi
829 3811 856 3862 in
867 3811 975 3864 Valerio
986 3831 1015 3865 ac
1028 3815 1129 3868 Velleio
1142 3833 1216 3873 notat

94 3903 97 3910 ’
158 3894 309 3963 mui‚qucm
320 3887 669 3948 mulrsslromini,rdeoutoic
710 3889 1216 3950 ChristDaumiusinlibdecarur'samis-

156 3970 244 4022 cndu
258 3971 300 4022 aot
317 3969 404 4023 Italum
416 3969 548 4038 subsequi
561 3971 666 4038 scripsit,
709 3989 788 4022 rorum
796 3972 880 4022 latiare
888 3972 977 4038 tingere
988 3973 1105 4032 radicum,
1114 3995 1142 4046 p.
1153 3981 1198 4046 39.

157 4049 669 4120 veihocurard,qaodpmsesert,vr'sisse;
753 4069 777 4102 a.
800 4048 879 4102 Hunc
903 4048 981 4104 addes
1005 4054 1061 4108 aliis
1083 4056 1215 4110 Januariis

159 4141 207 4180 tam
217 4129 332 4180 diversum
343 4141 377 4179 est
384 4140 457 4180 torrem
467 4129 576 4180 dictionis
584 4147 667 4197 gerru.
710 4127 848 4180 collectisa
861 4128 934 4182 Gisb.
948 4131 1054 4204 Cupero
1067 4133 1094 4188 in
1108 4138 1214 4189 ἀποθεώ-

159 4209 251 4275 Afrum
259 4212 389 4280 quempiam
398 4229 446 4260 esse
455 4209 531 4268 daras,
542 4227 584 4260 nec
595 4209 667 4260 ullam
710 4227 746 4260 eu
759 4207 882 4274 Homeri;
895 4227 954 4281 pag.
972 4231 1035 4280 ²7¹·
1249 4218 1251 4224 ’

1002 4325 1027 4388 ll
