3196 5122
334 466 336 472 ’
414 477 519 564 cte.
552 494 587 579 1,
621 493 690 561 nn
724 493 941 564 mooun.
1138 521 1209 594 ¹79

149 627 398 713 conuenissent,
413 649 432 694 a
448 627 491 716 Q.
508 623 697 720 Poppedio,
710 627 905 695 Latinorum
921 627 1090 724 principe,
1108 631 1210 701 Drusi

150 749 262 803 autem
279 725 425 827 hospite,
436 747 585 826 rogatus,
599 747 637 799 ut
653 737 764 800 socios
784 734 882 827 apud
892 737 1092 804 cumaculam
1110 737 1210 829 adJu·

150 855 263 926 caret,
278 840 443 908 constanti
455 837 550 906 vultu
566 837 822 929 nonfacturum
837 864 875 908 se
891 840 1076 933 respondit3
1090 843 1209 914 iterum

149 945 294 1041 deinde,
311 969 350 1013 ac
379 946 496 1039 saepius
523 943 772 1038 interpellatus,
797 945 831 1012 in
860 947 1030 1039 proposito
1058 951 1209 1042 perstitit.

149 1056 245 1122 Tunc
263 1051 450 1146 Poppedius
468 1051 502 1118 in
519 1048 679 1118 excelsam
695 1051 814 1118 aedium
829 1065 956 1144 partem
972 1049 1136 1140 levatum,
1158 1055 1212 1126 ab·

146 1159 316 1252 jecturum
338 1157 413 1226 inde
440 1181 475 1226 se
484 1155 505 1242 ¹,
526 1157 587 1224 nisi
610 1157 764 1250 precibus
786 1155 1047 1252 obtemperaret,
1068 1162 1211 1232 minatus

152 1280 220 1351 est;
232 1287 294 1332 nec
304 1263 368 1332 ltac
381 1287 417 1332 re
431 1262 473 1330 ab
487 1265 619 1392 incepto
631 1264 757 1332 moveri
767 1259 777 1286 ²
787 1265 904 1358 potuit.
916 1263 1076 1358 Expressa
1090 1281 1140 1336 est
1155 1269 1213 1338 ita·

152 1396 218 1466 que
229 1367 284 1440 illa
305 1393 371 1438 vox
387 1369 562 1438 hominum
590 1394 630 1436 :t
641 1367 855 1440 Gratulemur
867 1369 977 1458 nobis,
990 1373 1098 1440 latini
1117 1377 1213 1463 socii,

152 1477 243 1546 hunc
261 1500 331 1546 esse
352 1491 419 1544 tam
436 1499 596 1570 parvum;
611 1499 678 1568 quo
697 1489 846 1545 senatore
863 1500 905 1544 ne
927 1501 1060 1571 sperare
1080 1479 1213 1572 quidem

152 1584 248 1652 nobis
270 1583 437 1652 civitatem
459 1581 610 1650 licuisset.
634 1609 651 1644 s
677 1583 807 1650 Tenero
825 1606 905 1676 ergo
925 1584 1036 1652 animo
1056 1586 1141 1654 Cato
1158 1601 1213 1656 to-

153 1691 219 1758 tius
249 1689 348 1758 curiae
381 1689 576 1781 gravitatem
604 1675 795 1782 percepit⁴,
818 1691 1127 1784 perseverantiaque
1156 1717 1215 1762 sua

153 1899 207 1970 legi
227 1895 301 1949 dicit.
319 1896 372 1948 Alii
390 1894 490 1948 habent
511 1893 578 1947 Trib.
596 1905 663 1956 tunc,
705 1896 765 1966 jure
777 1895 939 1948 fruebantur.
949 1897 990 1949 Ex
1002 1895 1101 1950 imdere
1114 1912 1217 1968 sutem,

154 1975 230 2050 quod
243 1978 312 2029 iorte
326 1993 358 2026 ex
373 1975 490 2025 tribunum
506 1987 594 2025 ortum
611 1991 665 2026 esse
708 1972 782 2044 quod
797 1993 856 2027 cum
874 1975 974 2028 Latinis
989 1988 1028 2028 est
1044 1995 1215 2047 percussum,

154 2070 227 2110 rests
247 2055 378 2124 conjicias.
400 2085 440 2096 ·-
461 2053 495 2121 Q.
516 2054 598 2123 Puppe
615 2053 664 2105 δίο.
707 2056 749 2124 jus
756 2051 967 2108 illudemanavit.
976 2055 1214 2130 Constatdeniqne‚

157 2135 288 2189 Nonnulli
301 2133 374 2186 MSS.
385 2132 529 2202 Pmpedio,
540 2133 603 2186 item
617 2133 666 2185 Po·
706 2136 749 2202 jus
762 2133 832 2186 Latii
851 2151 896 2186 seu
918 2133 1084 2188 Latinitatem
1098 2139 1158 2208 jure
1177 2139 1215 2192 ci·

153 2215 236 2286 pediu.
252 2211 303 2266 ΕΑ.
320 2214 391 2281 Μοη.
406 2212 439 2282 Q
456 2212 575 2282 Oppedio.
591 2213 665 2264 Pom·
708 2212 781 2264 vium
800 2231 971 2266 romanorum
986 2214 1065 2268 fuisse
1079 2213 1214 2282 deterius,
1299 2237 1303 2258 ¹

150 2295 228 2366 podio
240 2291 408 2346 scribendum
419 2309 473 2344 esse
485 2303 573 2344 censet
587 2291 661 2344 Voss.
707 2291 795 2345 italico
809 2311 872 2344 vero
888 2291 1061 2347 commodius.

153 2371 191 2426 ad
208 2373 277 2426 Veli.
296 2372 353 2424 Pat.
367 2373 411 2437 11,
432 2375 476 2424 16.
497 2369 549 2422 Sed
566 2369 665 2422 incerta
752 2389 774 2422 r.
788 2371 943 2440 Adjectmm
954 2372 1050 2427 odeo.
1062 2373 1163 2428 titottr.
1176 2377 1214 2428 le·

155 2451 303 2507 admodum
321 2464 361 2504 est
376 2452 456 2520 hujus
470 2450 585 2502 nominis
600 2451 664 2503 scri·
706 2451 795 2521 gebat:
805 2450 937 2520 abjecturus
947 2451 1078 2512 inde,rtisi.
1086 2453 1215 2510 Nonnulli

154 2530 311 2606 pturavid.
323 2531 397 2604 Nott.
411 2527 538 2582 eruditor.
549 2527 583 2582 ad
592 2529 663 2582 Flor.
707 2528 785 2582 codd.
797 2542 824 2582 et
832 2529 906 2583 MSS.
918 2543 945 2584 et
956 2529 1015 2584 e'dd.
1028 2532 1175 2602 'abjectum
1188 2555 1213 2586 se
1290 2563 1292 2570 ·

153 2615 216 2678 Ill,
238 2613 283 2675 18,
307 2615 334 2664 6.
352 2641 393 2653 -
412 2609 535 2662 tammo
547 2612 662 2680 princeps.
707 2627 758 2662 aon
778 2609 839 2661 inde.
859 2607 911 2662 Sed
924 2609 991 2662 nihil
1003 2611 1169 2668 mutandum.

155 2693 269 2746 Torren.
288 2703 315 2743 et
333 2689 421 2762 Kapp.
437 2689 528 2759 legunt
543 2707 550 2742 ε
563 2689 663 2740 Latino-
749 2709 774 2741 π.
785 2688 885 2740 Movere.
901 2689 1001 2742 Passim
1016 2711 1105 2744 movere
1114 2713 1124 2752 ,·
1136 2712 1213 2748 sensu

156 2793 218 2824 runs.
240 2770 292 2824 lilii
312 2782 375 2822 vett.
398 2767 458 2822 edd.
480 2769 582 2828 Latini,
606 2787 665 2838 quas
706 2767 900 2844 planeleudem.

157 2849 267 2924 quidem
282 2849 360 2902 lectio
379 2849 407 2900 in
423 2847 561 2919 permultis
585 2845 663 2900 codd.
749 2849 774 2900 3.
797 2849 934 2922 Hominum.
951 2849 1057 2919 Lipsius
1074 2850 1214 2920 legendum

156 2929 309 3002 reperitur,
321 2923 393 2980 unde
412 2928 499 2980 Coler.
516 2927 584 2978 Latii
595 2931 665 2998 priu-
708 2939 795 2982 censet
809 2928 918 2991 Ιιοωὶηἱ,
939 2939 969 2980 ut
989 2925 1016 2978 id
1032 2927 1160 2982 referatur
1181 2928 1215 2982 ad

157 3015 210 3082 cipe
220 3007 361 3081 legendum
376 3007 540 3078 conjiciebat.
556 3006 666 3077 Aliquot
708 3003 793 3062 solum
811 3003 1001 3078 Poppedium,
1019 3009 1080 3078 quia
1094 3025 1108 3060 e
1124 3027 1215 3062 narra·

157 3089 236 3142 MSS.
254 3091 349 3140 haino.
371 3087 539 3149 abbreviato,
552 3104 601 3157 pro
615 3086 665 3138 ta·
708 3087 781 3140 tione
795 3084 935 3138 Valeriane
955 3097 983 3138 et
1002 3085 1097 3140 clarius
1117 3107 1132 3140 e
1153 3087 1215 3141 Plu-

157 3174 276 3233 tinorwn,
289 3180 318 3219 ut
328 3166 434 3238 Kappio
444 3164 606 3218 videtur.—-
618 3165 666 3218 So·
710 3167 801 3218 tancho
817 3176 952 3236 appareat,
972 3165 1049 3218 illum
1067 3185 1150 3218 unum
1168 3185 1215 3220 au·

157 3254 220 3300 cios.
241 3243 412 3308 Notandum,
428 3245 536 3298 Latinos
551 3258 577 3298 et
592 3245 666 3296 Itali·
710 3257 811 3298 ctorem
828 3243 980 3298 lionoriiicae
999 3244 1074 3298 istius
1092 3246 1119 3298 in
1135 3247 1214 3300 Cato·

156 3346 206 3380 cos
223 3341 290 3396 saepe
303 3323 420 3376 absolute
433 3323 516 3376 socios
531 3323 665 3396 appellari.
709 3343 769 3376 nem
781 3323 852 3376 vocis
862 3321 1110 3378 iuisse.Notanduut
1121 3326 1216 3391 etiam,

156 3405 236 3472 Quin
248 3416 274 3456 et
285 3401 426 3473 aliquando
438 3403 528 3457 Latini
543 3416 569 3456 et
581 3404 667 3456 Italici
710 3403 798 3456 latinis
815 3403 922 3456 solenne
945 3421 1021 3468 esse,
1041 3417 1072 3456 ut
1093 3404 1115 3456 si
1136 3422 1216 3476 quem

157 3480 374 3540 confunduntur.
397 3483 437 3534 lta
456 3481 579 3534 Valerius
598 3481 667 3534 Peli·
711 3483 818 3536 nomine
839 3481 948 3554 proprio
965 3484 1020 3554 jam
1038 3479 1217 3554 designarint,

155 3583 240 3638 gnos,
251 3563 296 3633 qui
309 3561 396 3614 Latini
408 3581 461 3612 non
475 3574 565 3622 et'attt,
579 3559 615 3612 sic
629 3574 668 3614 ta·
711 3559 797 3634 deque
817 3559 910 3614 εοάοω
929 3559 1031 3632 aliquid
1049 3562 1160 3634 amplius
1174 3561 1216 3616 di·

158 3662 223 3696 men
244 3641 365 3712 appellat.
388 3641 494 3692 Latium
511 3653 598 3692 autem
617 3638 669 3694 dis·
711 3640 1216 3714 cerevelint,ipsu1nnomenproprium

158 3721 262 3793 tingant
270 3721 377 3773 Latinos
386 3721 420 3772 ab
427 3719 539 3783 italicis,
553 3717 599 3790 qui
613 3739 668 3772 non
711 3739 766 3774 non
775 3731 895 3792 repetant
900 3717 961 3782 ‚sed
970 3739 1067 3774 nomen
1077 3740 1216 3776 commune

159 3815 237 3857 erant
247 3801 276 3854 in
284 3800 375 3854 Latio:
388 3795 472 3850 soedus
482 3799 515 3850 ab
524 3799 555 3850 iis
568 3799 668 3852 civibus
713 3799 812 3856 leminis
823 3817 873 3872 pro
894 3816 927 3850 eo
939 3813 1047 3868 ponant.
1063 3801 1144 3872 Cujus
1157 3802 1216 3872 plu·

159 3881 291 3944 romanis,
302 3879 348 3950 qui
356 3897 448 3950 agrum
459 3895 597 3931 romanum
607 3897 667 3948 pos·
712 3879 780 3930 rima
802 3879 900 3950 ubique
921 3891 983 3930 aunt
1003 3881 1129 3950 exempla.
1147 3879 1217 3934 vide

159 3959 284 4016 sidebant
297 3972 342 4012 aut
356 3958 478 4010 colebant
490 3955 517 4008 in
528 3953 618 4022 Latio;
625 3959 668 4026 jus
711 3957 791 4029 hujus
810 3957 902 4028 capitis
914 3958 1027 4026 calcem,
1041 3971 1067 4012 et
1082 3959 1166 4014 Cicer.
1183 3959 1218 4012 ad

160 4040 232 4094 Latii
239 4039 271 4092 ab
278 4037 425 4103 iisLatinis‚
432 4037 480 4108 qui
487 4055 568 4106 quum
576 4055 667 4110 apum
711 4037 771 4090 iam.
788 4036 817 4104 Ι,
828 4055 869 4107 ep.
887 4056 913 4090 a.

161 4119 275 4174 latinum
286 4130 418 4182 tenerent,
431 4135 485 4170 non
502 4128 587 4168 tamen
600 4115 669 4168 Latii
753 4123 779 4180 4.
790 4117 906 4188 Percepit.
919 4115 952 4170 td
963 4129 1002 4171 est
1010 4157 1019 4183 ,
1028 4117 1118 4188 plane,
1131 4118 1217 4173 omni·

993 4224 1059 4296 12²
