3196 5122
406 489 482 573 udo
618 485 837 554 VALERII
866 485 1077 553 ΜΑΧΙΜΙ
1105 485 1201 554 LlB.
1229 485 1303 554 111.

404 623 456 690 nis
479 619 612 688 Ostiam
639 616 729 688 ultro
759 619 939 706 misissent,
969 619 1098 688 senatui
1123 615 1266 712 placuit,
1291 615 1419 713 legatos
1440 618 1481 686 ad

405 727 525 796 ducem
536 751 652 794 eorum
665 727 729 813 ire,
742 727 800 820 qui
813 723 980 810 dicerent,
998 753 1016 790 a
1028 722 1190 820 populum
1204 748 1382 794 romanum
1397 723 1482 794 bella

406 835 573 927 suscipere
596 832 721 920 solere,
743 856 817 926 quae
846 857 906 901 suo
926 829 1031 900 milite
1051 856 1167 928 gerere
1189 847 1323 926 posset3
1343 831 1480 927 proinde

407 940 545 1010 classem
554 939 794 1034 Carthaginem
802 938 1034 1008 reducerent.»
1045 939 1139 1008 Idem
1150 954 1226 1034 post
1234 935 1482 1033 aliquot¹annos

408 1047 566 1118 cannensi
586 1044 680 1116 clade
699 1045 867 1116 exhaustis
885 1045 1014 1116 romani
1033 1047 1162 1140 imperii
1182 1045 1323 1130 viribus,
1350 1043 1480 1141 supple·

406 1169 557 1224 mentum
576 1154 739 1222 exercitus
759 1154 793 1220 in
814 1153 1008 1248 Hispaniam
1034 1153 1165 1222 mittere
1183 1176 1301 1240 ausus,
1321 1151 1419 1240 fecit,
1439 1177 1480 1222 ne

406 1260 575 1330 hostilium
594 1259 687 1328 locus
703 1273 905 1347 castrorum,
918 1273 991 1328 tum
1003 1261 1145 1328 maxime
1158 1261 1330 1356 Capenam
1348 1273 1480 1352 portam

407 1369 507 1436 armis
522 1365 708 1435 Hannibale
725 1365 893 1461 pulsante,
914 1367 1051 1436 minoris
1066 1368 1214 1454 veniret,
1232 1389 1333 1461 quam
1348 1367 1376 1434 si
1389 1367 1480 1436 Poeni

407 1472 500 1543 illum
513 1498 582 1542 non
596 1473 793 1543 obtinerent.
811 1474 863 1542 lta
877 1497 912 1542 se
926 1497 1041 1568 gerere
1056 1474 1090 1541 in
1102 1473 1248 1542 adversis
1265 1469 1384 1542 rebus²
1401 1471 1479 1568 quid

408 1579 496 1650 aliud
517 1595 582 1666 est,
604 1605 704 1672 quam
728 1581 917 1650 saevientem
937 1579 1122 1668 fortunam,
1144 1581 1178 1648 in
1196 1579 1402 1674 adjutorium
1415 1579 1480 1666 sui,

407 1687 536 1783 pudore
554 1687 677 1754 victam
699 1683 920 1754 convertere?

466 1817 521 1864 ιι.
544 1795 671 1886 Magno
691 1794 798 1887 spatio
818 1791 943 1862 divisus
963 1808 1014 1862 est
1034 1809 1187 1864 asenatu
1205 1793 1247 1862 ad
1268 1808 1404 1889 poetam
1415 1793 1477 1862 Ac-

407 1902 497 1970 cium
521 1900 687 1968 transitus.
715 1901 881 1970 Caeterum
907 1913 946 1968 ut
965 1901 1066 1970 abeo
1086 1901 1258 1970 decentius
1279 1900 1323 1970 ad
1344 1915 1477 1969 externa

407 2023 630 2094 transeamus,
650 2005 856 2102 producatur
874 2007 908 2074 in
928 2006 1084 2078 medium.
1103 2010 1136 2078 Is
1153 2006 1241 2077 lulio
1255 1992 1396 2078 Caesari³
1415 2031 1477 2076 am

407 2114 553 2210 plissimo
575 2127 609 2182 et
628 2113 863 2183 florentissimo
882 2115 956 2183 viro
978 2115 1013 2183 iu
1032 2112 1208 2210 collegium
1227 2128 1404 2210 poetarum
1423 2139 1476 2182 ve·

406 2222 511 2289 nienti
526 2243 697 2314 nunquam
713 2221 906 2310 assurrexit3
921 2247 990 2290 non
1007 2222 1187 2316 majestatis
1205 2221 1276 2315 ejus
1291 2221 1476 2306 immemor,

406 2327 464 2398 sed
491 2327 582 2421 quod
606 2327 640 2394 in
662 2329 910 2421 comparatione
932 2329 1160 2398 communium
1189 2326 1394 2416 studiorum,
1420 2325 1475 2395 ali·

407 2447 532 2527 quanto
554 2432 757 2526 superiorem
783 2457 818 2502 se
838 2459 908 2504 esse
933 2433 1126 2504 confideret.
1150 2435 1368 2530 Quapropter
1386 2436 1475 2504 inso-
1586 2509 1587 2520 ,

406 2537 514 2608 lentiae
530 2539 668 2607 crimine
681 2539 809 2624 camb,
826 2541 904 2635 quia
916 2541 961 2611 ibi
974 2539 1198 2631 voluminum,
1212 2566 1281 2610 non
1294 2543 1473 2638 imaginum

406 2646 588 2715 certamina
607 2644 847 2716 exercebantur
855 2633 878 2714 ⁴.

557 2837 609 2890 DE
633 2837 807 2892 FIDUCIA
831 2837 898 2892 SUI
923 2841 1015 2906 QUAE
1039 2841 1083 2894 IN
1106 2839 1324 2894 EXTERNIS.

465 3005 495 3052 1·
520 2982 572 3050 Ne
594 2967 790 3076 Euripides⁵
812 2981 946 3077 quidem
966 2984 1104 3052 Athenis
1125 3007 1285 3080 arrogans
1303 2984 1396 3052 visus
1409 2995 1469 3066 est,

406 3115 528 3184 quum,
542 3087 731 3182 postulante
749 3089 893 3184 populo,
915 3104 952 3158 ut
967 3115 1008 3158 ex
1024 3089 1185 3185 tragoedia
1203 3089 1383 3185 quamdam
1400 3113 1469 3158 sen·

448 3291 837 3363 1.Partaliquataaaos.Au.U.
850 3293 915 3356 54².
961 3293 992 3346 C.
1015 3293 1145 3348 Caesarem
1165 3295 1324 3348 Strabonem
1344 3292 1467 3364 intelligi,

405 3405 446 3418 ...
465 3372 586 3442 Capenam
599 3384 703 3442 partam.
720 3372 779 3436 Qua
794 3373 849 3424 itur
865 3373 916 3425 Ca·
960 3375 1007 3445 qui
1018 3375 1088 3427 bello
1099 3375 1220 3428 Mariano
1234 3375 1329 3446 periit3
1343 3391 1406 3426 nem
1416 3373 1466 3426 sat

405 3472 494 3526 punm.
516 3448 558 3503 hd
579 3465 684 3523 portam
708 3451 828 3504 Collinam
851 3471 914 3524 pro·
961 3453 1352 3525 Caesarisdictetorisaequalem
1361 3454 1467 3507 Accium

405 3551 522 3604 gressum
532 3531 707 3583 Hannibalem
717 3532 806 3584 Livius
816 3545 914 3586 narrat.
960 3547 1065 3605 poetam
1075 3554 1130 3588 non
1139 3535 1249 3588 suissed
1253 3548 1313 3588 uxta
1325 3535 1391 3586 alios
1404 3533 1467 3586 alter

405 3611 538 3664 llanuibal
553 3623 645 3663 contra
661 3611 782 3663 tabernas
795 3625 915 3683 argenta·
959 3613 1004 3667 hic
1017 3627 1056 3667 est
1066 3615 1174 3678 Accius,
1191 3633 1271 3686 quem
1285 3617 1361 3686 cujus
1377 3615 1465 3684 fragm.

405 3692 473 3756 rias,
489 3710 547 3761 quae
571 3691 641 3743 circa
663 3691 749 3743 lorum
772 3711 913 3745 romanum
957 3707 1074 3760 exstant,
1095 3695 1230 3766 ipsiusque
1254 3695 1364 3748 Caesaris
1386 3691 1465 3747 diete-

405 3782 506 3838 essent,
524 3783 617 3823 vocato
636 3789 758 3842 praecone
778 3773 854 3843 jussit
866 3792 912 3826 ve·
957 3774 1021 3826 toris
1036 3775 1150 3846 aequalis.

404 3852 476 3916 nire;
485 3848 531 3902 sed
544 3863 648 3922 emptor
658 3871 713 3904 non
725 3864 763 3903 est
779 3853 910 3906 inventus.
1000 3860 1026 3916 4.
1041 3855 1118 3908 ibt...
1129 3854 1306 3906 exercebamur.
1318 3854 1381 3908 Non
1395 3853 1465 3906 enim

446 3953 472 3984 a.
495 3930 611 3984 Adversis
631 3931 706 3985 rubras.
726 3932 806 3984 Multi
832 3931 910 3987 codd.
956 3935 1123 4005 spectabatur
1134 3934 1187 4000 ibi,
1200 3953 1264 4006 ques
1278 3935 1339 4004 quis
1352 3937 1464 4004 imagines

403 4011 477 4064 MSS.
494 4012 622 4064 omittunt
637 4011 713 4064 rebus.
730 4013 792 4065 Non
807 4011 911 4066 deside·
956 4015 1080 4079 haberet,
1105 4013 1152 4066 sed
1171 4033 1229 4086 qum
1248 4016 1384 4082 aocaaaa,
1407 4029 1464 4084 qu!

401 4103 488 4156 ratur,
501 4109 550 4143 nec
565 4105 653 4143 temen
666 4091 791 4146 abundat.
954 4095 1051 4166 scripta
1066 4093 1199 4148 edidisset.

443 4170 469 4222 3.
486 4169 553 4222 lulio
570 4170 671 4224 Casari.
687 4171 795 4242 Pighius
808 4185 910 4239 censet,
996 4177 1023 4230 5.
1045 4175 1182 4246 Euripides.
1200 4177 1240 4228 De
1260 4172 1389 4247 Euripide
1403 4167 1459 4226 vide
