3184 5132
230 487 335 558 CAP.
363 487 423 572 ΙΙ,
450 486 519 556 DE
547 485 795 554 MAGISTR.
825 485 1067 554 OFFICIIS.
1129 483 1198 556 105

140 619 177 688 in
194 618 342 689 ordinem
368 617 568 687 senatorium
590 614 744 686 allectum
763 643 771 684 ε
796 642 863 711 quo
889 641 957 686 uno
978 615 1078 686 modo
1103 619 1201 686 etiarn

140 726 210 814 his,
223 726 279 819 qui
291 725 360 818 jam
376 724 521 793 honores
535 737 719 819 gesserant,
735 722 841 794 aditus
856 725 890 792 in
906 724 1031 792 curiam
1045 723 1201 808 dabatur;

140 831 199 900 sed
212 833 362 924 quamvis
374 830 533 900 honestus
545 854 639 898 error
653 830 745 898 Fabii
755 844 855 917 esset,
869 828 1083 898 vehementer
1090 841 1203 898 tamen

141 961 161 1004 a
180 925 370 1007 consulibus
386 934 602 1032 objurgatus¹
621 949 688 1006 est:
707 959 877 1030 nunquam
896 937 982 1004 enim
998 936 1203 1004 taciturnita-

142 1057 226 1126 tem,
240 1044 403 1138 optimum
413 1067 452 1112 ac
463 1042 660 1112 tutissimum
672 1041 1004 1114 administrandarum
1015 1066 1127 1110 rerum
1138 1043 1206 1109 vin·

142 1147 273 1236 culum,
290 1147 479 1218 labefactari
497 1146 661 1218 volebant.
679 1150 785 1244 Ergo,
799 1171 902 1242 quum
915 1149 998 1216 Asiae
1014 1173 1071 1216 rex
1084 1149 1204 1216 Eume·

142 1278 203 1324 nes
213 1252 236 1342 ²,
247 1255 487 1324 amantissimus
501 1268 622 1324 nostrae
634 1253 741 1339 urbis,
755 1252 877 1322 bellarm
890 1277 916 1322 a
928 1257 1033 1323 Perse
1046 1253 1206 1322 adversus

134 1363 306 1457 populum
332 1385 510 1430 romanum
536 1365 735 1456 comparari
761 1360 888 1428 senatui
915 1360 1112 1444 nuntiasset,
1138 1383 1207 1428 non

144 1481 223 1534 ante
244 1468 320 1535 sciri
340 1469 466 1562 potuit,
489 1466 577 1561 quid‘
590 1478 647 1534 aut
668 1463 721 1533 ille
745 1463 875 1534 locutus
895 1479 998 1552 esset,
1023 1479 1081 1534 aut
1097 1479 1207 1558 patres

146 1571 407 1667 respondissent,
426 1597 524 1666 quam
542 1585 675 1668 captum
692 1573 813 1640 Persen
829 1573 996 1666 cognitum
1016 1585 1073 1640 est.
1090 1569 1206 1638 Fidum

144 1692 218 1746 erat
237 1693 270 1746 et
293 1677 396 1746 altum
420 1677 607 1772 reipublice
628 1691 743 1772 pectus
765 1661 887 1763 curia³‚
909 1676 1091 1770 silentiique
1122 1674 1207 1744 salu·

144 1784 267 1853 britate
279 1785 443 1852 munitum
458 1799 492 1852 et
506 1782 665 1852 vallatum
677 1781 823 1875 undique
837 1835 846 1870 ,
861 1783 954 1875 cujus
970 1781 1069 1850 limen
1083 1781 1207 1850 intran-

146 1904 213 1974 tes,
232 1889 359 1982 abjecta
377 1891 506 1984 privata
527 1889 662 1957 caritate
682 1886 849 1982 publicam
864 1873 1082 1956 induebantlz
1099 1888 1208 1980 itaque

146 2020 218 2062 non
236 1993 343 2064 dicam
367 2018 487 2082 unum,
515 1993 571 2062 sed
589 1995 753 2063 neminem
775 1992 904 2062 audisse
929 1993 1099 2076 crederes,
1120 1992 1210 2086 quod

148 2115 219 2168 tam
240 2098 420 2169 multorum
439 2099 572 2169 auribus
594 2099 702 2168 fuerat
723 2100 946 2168 commissum.

206 2257 238 2300 a.
259 2233 473 2326 Magistratus
490 2257 570 2302 vero
589 2233 687 2327 prisci
706 2246 909 2326 quantopere
923 2255 1016 2301 suam
1031 2231 1210 2327 populique

147 2339 278 2406 romani
299 2338 502 2430 majestatem
520 2340 696 2408 retinentes
713 2363 749 2408 se
767 2340 942 2432 gesserint,
961 2338 1038 2408 hinc
1054 2339 1209 2434 cognosci

148 2442 372 2538 potest,qu0d
384 2443 796 2514 intercaeteraobtinendae
804 2443 1209 2540 gravitatisindicia‚illud

147 2573 280 2643 quoque
292 2573 413 2643 magna
426 2575 502 2620 cum
540 2550 760 2620 erseverantia
775 2550 1017 2640 custodiebant,
1033 2575 1075 2619 ne
1085 2552 1209 2620 Graecis

148 2679 295 2750 unquam
323 2657 385 2724 nisi
410 2654 509 2725 latine
557 2681 714 2752 responsa
740 2656 883 2726 darent:
907 2659 988 2752 quin
1015 2659 1112 2726 etiam
1138 2657 1209 2750 ipsa

149 2881 226 2934 aquo
235 2861 384 2937 discrepare
391 2865 659 2939 videntur‚qaaenar·
743 2873 769 2930 4.
789 2865 1084 2938 Adjecta...irrdtoeboau.
1099 2865 1208 2936 Egregia

149 2954 192 2995 rat
203 2943 325 2998 Valerius
335 2963 343 2997 :
355 2943 401 2998 aed
414 2946 501 3000 forsan
512 2947 606 3018 primia
621 2965 659 3000 ae·
701 2964 763 3000 rane
781 2960 808 3000 et
827 2943 968 3000 commodo
988 2945 1095 3016 publico
1113 2963 1209 2997 conve·

149 3022 229 3088 culis,
244 3025 290 3094 qui
303 3023 425 3078 nondum
439 3025 468 3078 in
483 3025 605 3079 ordinem
618 3045 659 3080 ee·
702 3026 864 3080 aientissima
891 3023 1022 3096 cogitandi
1052 3024 1130 3077 ratio.
1157 3023 1209 3076 Alii

149 3102 285 3155 natoriunr
295 3117 370 3157 erant
380 3103 486 3173 adsciti,
499 3107 531 3159 iia
541 3125 576 3160 ne
586 3104 659 3160 adire
701 3105 843 3160 laudarunt
860 3105 911 3158 lrac
927 3105 954 3158 in
970 3123 1000 3156 re
1019 3101 1210 3157 adolescentem

148 3178 261 3251 quidem
273 3181 373 3236 curiam
385 3183 468 3238 licuit.
480 3218 513 3228 -
529 3186 657 3239 Adiectum.
702 3185 844 3256 Papirium.

151 3259 267 3328 Allegere
281 3274 321 3314 est
334 3262 454 3334 eligendo
469 3263 573 3320 addere.
587 3265 659 3319 Vide
745 3265 833 3318 &Not
843 3265 924 3318 latine.
929 3264 1046 3318 Tantum
1057 3280 1110 3316 sue
1116 3262 1210 3332 lingua

151 3337 262 3391 Sueten.
278 3339 344 3410 Aug.
362 3361 387 3395 a.
703 3341 1210 3405 tribueruntllomani‚utbeneficiilooo

198 3435 222 3468 1.
233 3417 390 3487 Objrugatur.
397 3422 508 3492 Iurgium
518 3423 588 3478 inter
598 3425 661 3478 ami·
703 3425 759 3494 ejus
770 3443 845 3478 usum
857 3424 1008 3495 alienigenis
1019 3418 1210 3484 concederent,

149 3515 215 3564 cos,
230 3497 261 3548 lis
273 3496 343 3550 inter
354 3499 482 3554 inimicos.
703 3503 776 3575 quod
782 3502 816 3557 de
824 3504 949 3558 Cumanis
958 3499 1029 3574 apud
1037 3500 1143 3554 Livium
1151 3500 1212 3570 legi-

196 3595 221 3628 a.
232 3576 345 3645 Quum...
353 3579 479 3633 Eumenes.
489 3581 538 3636 An.
548 3582 582 3636 U.
593 3583 659 3639 581.
703 3603 770 3637 mus.
791 3584 861 3638 Hinc
878 3583 990 3650 lactum,
1007 3593 1038 3634 ut
1050 3578 1173 3632 Tiberius
1184 3593 1211 3632 et

151 3655 287 3718 Eumenes.
300 3657 521 3729 Pergamenorum
536 3679 597 3728 rex,
614 3665 661 3735 qni
704 3661 830 3716 Claudius
849 3665 1039 3734 imperatores,
1058 3679 1140 3731 quum
1164 3661 1211 3712 ali·

151 3735 317 3790 Antiochum
328 3737 400 3810 apud
412 3737 505 3792 Sardes
515 3743 588 3811 gravi
596 3761 661 3813 prae-
703 3741 810 3814 quando
817 3740 938 3814 quedem
948 3740 1038 3812 grauem
1044 3739 1131 3793 verbis
1138 3740 1166 3794 in
1175 3759 1213 3794 ae·

152 3815 190 3867 lio
204 3816 346 3887 superavit.
704 3835 768 3874 natu
787 3821 923 3884 dicerent,
953 3820 1057 3873 veniam
1081 3831 1208 3891 peterent.

196 3895 221 3947 3.
241 3894 323 3949 Curia.
340 3893 403 3951 Non
423 3917 493 3961 cura,
516 3911 546 3952 ut
565 3899 609 3952 alii
623 3901 662 3953 le·
704 3902 739 3954 Et
751 3914 823 3955 recte
833 3900 947 3972 populus
962 3917 1015 3954 suaa
1025 3897 1147 3972 dignitati
1163 3899 1210 3953 eli-

152 3985 229 4044 gtmt.
241 3976 465 4046 Aptissimeenirn
476 3982 662 4052 curampectus
704 3978 771 4053 quid
786 3979 889 4034 detrahi
912 3992 1002 4052 putat,
1026 3980 1048 4033 ai
1066 3981 1126 4052 quia
1147 3979 1210 4045 alia,

151 4053 305 4125 reipublice
318 4057 445 4130 appellat,
461 4058 489 4112 in
502 4078 555 4132 quo
568 4079 661 4114 arcana
704 4073 801 4131 praeter
812 4060 993 4127 vernaculam,
1001 4060 1090 4132 lingua
1102 4059 1129 4112 in
1138 4059 1212 4130 prin·

151 4133 261 4187 consilia
275 4149 421 4192 teruntur.
705 4139 794 4211 cipum
809 4159 930 4194 consessu
946 4153 1043 4194 utatur.
