3196 5122
311 479 417 548 CAP.
452 479 1022 566 11‚DEFOnT1TU1)1nE.
1070 493 1074 500 '
1124 511 1189 582 ¹9¹

135 609 264 705 praelio,
283 635 349 704 quo
368 610 533 680 Hannibal
552 614 656 706 magis
673 612 759 682 vires
781 615 1008 684 Romanorum
1027 619 1195 706 contudit,

134 739 235 810 quam
251 719 378 786 animos
393 717 508 812 fregit,
519 741 620 812 quum
636 718 679 788 ad
688 719 858 788 retinenda
870 744 963 790 arma
977 722 1107 793 inutiles
1122 725 1194 794 vnl-

133 823 268 892 neribus
286 847 403 892 manus
418 823 569 910 haberet,
591 823 731 920 spoliare
745 849 780 894 se
794 828 943 896 conantis
957 829 989 896 N
990 829 1109 898 umidae
1123 855 1194 900 cer-

134 929 240 998 vicem
252 929 460 1025 complexus,
473 955 526 1018 os,
540 931 675 1000 naribus
687 947 721 1002 et
729 932 865 1002 auribus
873 935 1031 1020 corrosis,
1045 934 1193 1008 deforme

133 1034 289 1122 reddidit,
311 1038 409 1130 inque
426 1033 530 1130 plenae
544 1036 676 1106 ultionis
687 1039 850 1108 morsibus
864 1039 1048 1133 exspiravit.
1063 1044 1193 1138 Sepone

131 1143 281 1234 iniquum
301 1166 420 1237 pugnos
442 1158 597 1212 eventum
625 1168 633 1212 :
659 1159 818 1237 quantum
845 1144 1055 1216 interfectore
1076 1148 1193 1220 sortior

133 1247 344 1316 interfectus?
360 1249 479 1318 Poenus
493 1251 580 1318 enim
599 1252 633 1318 in
646 1251 783 1320 victorin
796 1251 957 1320 obnoxius
972 1254 1126 1324 morienti
1140 1281 1194 1326 so·

132 1349 211 1420 latio
227 1353 306 1422 fuit¹
324 1368 333 1410 ²
348 1356 518 1424 Romanus
536 1357 660 1450 inipso
682 1355 746 1426 line
761 1359 836 1426 vitae
854 1357 972 1426 vindex
992 1361 1044 1428 sui
1060 1362 1192 1431 exstitit.

193 1509 247 1554 ra.
261 1485 377 1556 Militis
391 1487 489 1580 hujus
505 1490 539 1556 in
552 1488 691 1557 adverso
709 1513 787 1558 casu
806 1505 871 1559 tam
889 1492 1040 1586 egregius
1059 1505 1191 1587 tamque
1216 1581 1218 1584 Ι

131 1590 235 1660 virilis
253 1593 397 1682 animus,
412 1592 531 1687 quarn²
551 1592 715 1663 relaturus
732 1620 804 1664 sum
821 1597 1038 1690 imperatoris.
1055 1599 1090 1666 P.
1104 1601 1192 1668 enim

131 1699 287 1785 Crassus,
308 1723 384 1767 cum
400 1685 603 1768 Aristonico³
622 1698 744 1768 bellurn
764 1703 797 1768 in
812 1703 1035 1797 delegeram,
1054 1704 1193 1775 aTbra·

129 1803 241 1886 cibus,
263 1829 412 1896 quorum·
423 1805 448 1872 is
463 1828 619 1898 magnum
635 1831 809 1874 numerum
823 1809 857 1875 in
872 1809 1022 1903 praesidio
1035 1809 1192 1899 babebat,

129 1910 217 1976 inter
239 1909 360 1978 Elaeam
384 1925 417 1978 et
437 1912 612 2004 Smyrnam
633 1925 804 2007 exceptus,
824 1937 866 1981 ne
887 1915 921 1980 in
943 1913 1098 1982 ditionem
1122 1917 1191 2009 ejus

130 2015 339 2108 perveniret,
370 2013 531 2100 dedecus,
563 2018 717 2086 arcessita
748 2019 874 2087 ratione
900 2020 1036 2108 mortis,
1052 2021 1191 2116 effugit:

133 2233 176 2266 nae
188 2215 217 2268 in
234 2217 328 2287 Apulia
345 2217 527 2282 Dauniornm,
547 2235 640 2288 eampo
685 2235 750 2270 snm.
761 2217 1189 2288 Quemetiaminunocod.Braud.

131 2292 297 2362 Diomedeo,
308 2293 341 2348 ad
348 2294 438 2348 Aufidi
451 2297 525 2350 ostia.
533 2327 573 2340 -
581 2297 639 2349 Ple·
685 2297 803 2350 invenire
812 2298 885 2362 lieet,
893 2315 997 2352 necnon
1007 2299 1035 2352 in
1045 2298 1104 2354 cod.
1114 2300 1189 2356 Leid.

131 2395 180 2428 noe.
195 2375 227 2426 ln
250 2373 328 2428 codd.
348 2375 422 2430 MSS.
448 2388 475 2428 et
493 2374 554 2429 edd.
574 2388 637 2428 vett.
683 2376 755 2430 Tea-t.
763 2389 790 2429 et
798 2377 1035 2448 Ultrajeotprimo.
1043 2379 1188 2434 Torrenins

131 2454 291 2525 complurib.
302 2453 636 2526 eatplena'a,qnod‘l'orren.
682 2452 842 2526 eiiciendnm
858 2468 950 2527 putat,
966 2475 1052 2528 neque
1069 2460 1188 2531 Kappine

130 2545 221 2588 censet
249 2532 452 2606 praeferendam.
484 2534 551 2586 Ultio
581 2535 638 2606 ipsa
681 2534 710 2586 in
726 2547 827 2588 textum
837 2537 1056 2608 recepit-An.
1073 2539 1185 2592 Μή.

130 2613 221 2674 enim,
235 2613 288 2679 ait,
304 2631 357 2666 non
369 2625 473 2686 poterat
485 2611 536 2666 dici
547 2615 635 2684 plena,
681 2613 793 2680 Florus,
808 2615 826 2668 l.
841 2615 884 2680 ll,
899 2634 922 2670 c.
940 2635 991 2678 ao.
1007 2617 1035 2670 in
1052 2617 1097 2670 lin.
1115 2617 1184 2671 Oro·

130 2693 231 2765 quippe
250 2693 341 2746 vivum
361 2693 471 2765 reliquit
482 2691 635 2748 Numidam.
681 2695 747 2756 siue,
763 2695 808 2748 lib.
823 2695 931 2766 V‚cap.
952 2715 992 2748 ιο.

130 2771 182 2826 Sed
197 2791 285 2825 mesas
296 2786 372 2826 mant
381 2773 450 2844 pleni
460 2772 577 2826 ultionis.
722 2775 749 2828 3.
768 2775 917 2828 Aristonico·
930 2775 1012 2828 Filius
1027 2775 1078 2830 l'uit
1088 2776 1185 2828 Eume·

173 2870 197 2904 a.
218 2853 305 2906 Penas
320 2856 453 2906 enim.....
464 2853 525 2920 suit.
540 2853 592 2906 Pro
612 2858 638 2906 in
680 2853 737 2918 nia,
755 2854 824 2924 regis
842 2853 1019 2924 Pergameni,
1039 2873 1093 2906 nou
1114 2855 1185 2924 justo

130 2935 252 2994 vettonia.
267 2933 363 3004 pastina
379 2931 475 3004 legitur
494 2937 540 2986 :in
558 2937 637 2986 victo·
681 2933 859 2997 matrimonio,
865 2929 911 2988 aed
920 2951 955 2986 ex
963 2933 1056 3004 pellice
1062 2933 1184 3004 Ephesia,

130 3015 201 3065 riom.
217 3009 319 3065 Deinde
333 3013 420 3066 solatio
431 3015 486 3081 suit
503 3025 636 3086 tamquam
680 3013 822 3066 citharistae
839 3009 976 3083 cujusdam
994 3011 1049 3066 fllia
1072 3015 1183 3084 genitus.

128 3090 556 3163 gloesemaeteatueliminandum
564 3091 636 3146 Gud.
680 3093 707 3146 la
721 3106 781 3164 post
795 3105 909 3146 mortem
927 3091 1023 3158 Attali,
1038 3092 1086 3164 qui
1101 3112 1186 3164 popu·

129 3171 401 3241 etGuyet.Neutaum
408 3171 567 3226 admiserim.
575 3173 638 3226 Sen·
680 3171 735 3224 lum
750 3191 891 3224 romanum
906 3171 980 3243 regni
998 3169 1123 3224 heredem
1142 3193 1184 3225 re·

128 3271 175 3304 sua
196 3250 323 3302 nimirum
335 3263 392 3304 est:
407 3253 508 3313 Poenus,
531 3255 574 3320 qui
584 3291 594 3314 ‚
611 3255 637 3304 in
681 3251 806 3322 liquerat,
816 3251 903 3304 Asiam
912 3252 1131 3322 velutpaternum
1142 3271 1185 3304 re·

129 3335 185 3382 acie
196 3332 289 3394 victor,
304 3333 329 3380 in
344 3335 436 3382 mmani
455 3331 536 3383 malitis
551 3333 637 3384 vobo
681 3347 762 3400 gnum
768 3329 936 3384 invasitvid.
943 3332 960 3384 J
962 3332 1040 3384 ustin·
1049 3331 1183 3394 XXXVI,

128 3411 333 3477 ratipotestateat
346 3421 457 3469 veneant,
470 3413 515 3480 ipsi
529 3411 637 3464 Romano
682 3415 709 3472 4.
729 3409 807 3464 Hunc
830 3410 1008 3464 Aristonicum
1034 3423 1125 3481 postea
1152 3411 1183 3464 C.

128 3490 243 3542 morienti
250 3487 304 3552 suit
316 3489 411 3542 solatio.
456 3531 463 3544 .
680 3488 817 3560 Perpenna
835 3491 908 3544 vicit.
926 3521 966 3532 -
987 3489 1121 3563 Smymam.
1144 3491 1184 3544 De

173 3588 200 3622 a.
225 3567 306 3636 (luam
327 3569 444 3620 micturus
463 3585 513 3620 sam
534 3572 637 3638 impera·
680 3567 798 3641 Smyrna
817 3569 919 3641 origine
941 3588 997 3622 non
1016 3571 1184 3624 consentiunt

129 3651 199 3702 toris.
229 3644 341 3700 Addunt
366 3647 488 3702 nonnulli
516 3649 637 3702 voculam
680 3648 1184 3704 Veteresllerodotuaeamtribuit'l'be·

129 3747 218 3799 quera,
238 3745 288 3780 neo
309 3727 397 3782 abesse
417 3745 493 3797 posse
513 3725 637 3796 videtur,
681 3747 741 3793 seo,
753 3730 799 3800 qui
817 3729 911 3782 urbem
927 3729 1017 3782 uxoris
1027 3747 1080 3782 sun
1096 3729 1182 3782 nomi·

128 3809 193 3878 quia
203 3806 337 3876 alioquin,
350 3825 408 3860 noa
419 3819 499 3874 esset,
510 3806 582 3878 quod
595 3827 637 3860 re·
680 3809 802 3872 ne‚sicut
811 3806 982 3862 Lacedaemon
991 3808 1124 3878 Spartam,
1135 3827 1181 3860 vo·

129 3887 244 3958 spiceret
259 3885 292 3940 ad
306 3905 399 3942 vocem
413 3887 538 3940 releuatus.
556 3888 637 3940 Plena
680 3889 754 3942 carit.
764 3886 830 3940 Vid.
840 3887 982 3942 Strablib.
997 3888 1073 3940 xlv.
1085 3919 1125 3930 -
1136 3889 1182 3938 ut-

129 3966 216 4020 oratio
229 3979 317 4020 esset:
334 3967 426 4020 militis
441 3966 519 4039 hujus
535 3967 637 4022 animm
681 3972 773 4020 nomm.
782 3967 911 4022 Nonnulli
920 3967 1060 4020 wmarus
1067 3964 1182 4040 edidere,¹

132 4057 184 4098 tam
199 4047 319 4117 egregius
331 4047 400 4114 luit,
413 4065 492 4118 quam
513 4046 564 4100 luit
580 4047 637 4100 ani·
680 4046 753 4118 quod
763 4047 791 4100 in
799 4045 957 4118 quibusdam
964 4043 1041 4100 codd.
1053 4045 1128 4100 MSS.
1140 4064 1181 4099 re·

130 4143 188 4180 mua
207 4127 388 4198 imperatoris,
405 4145 485 4198 quem
506 4128 637 4181 relaturus
680 4127 790 4196 peritur.
