3196 5122
407 497 478 570 180
586 497 805 566 VALERII
840 494 1046 564 MAXIMI
1081 495 1174 562 LIB.
1209 495 1283 562 111.

402 633 538 700 Latinos
567 631 643 724 jura
676 643 796 698 nostrae
834 629 973 697 civitatis
1013 625 1261 722 apprehendere
1292 627 1459 722 cupientes

401 735 530 832 repulit.

452 841 556 950 Item¹
570 865 671 960 quum
686 838 848 910 salutandi
865 842 968 936 gratia
980 853 1190 934 praetextatus
1208 837 1250 908 ad
1265 837 1389 908 Sullam
1403 865 1456 909 ve·

399 951 518 1034 nisset,
537 962 571 1016 et
592 949 699 1068 capita
721 949 982 1042 proscriptorum
998 947 1032 1015 in
1049 947 1170 1014 atrium
1189 943 1287 1014 allata
1306 945 1457 1034 uidisset,

399 1057 571 1124 atrocitate
592 1055 641 1122 rei
666 1067 851 1123 commotus
873 1051 1090 1148 pedagogum
1115 1075 1210 1121 suum
1232 1001 1457 1172 Sarpedonem

399 1163 532 1229 nomine
552 1159 789 1255 interrogavit,
809 1173 1011 1254 quapropter
1030 1183 1128 1228 nemo
1147 1159 1371 1246 inveniretur,
1404 1161 1456 1254 qui

305 1283 306 1286 ’
398 1282 467 1336 tam
492 1263 658 1336 crudelem
687 1280 863 1359 tyrannum
895 1265 1060 1334 occideret
1082 1289 1276 1360 :quumque
1309 1265 1358 1352 is,
1391 1290 1455 1333 non

398 1371 603 1442 voluntatem
624 1371 827 1458 hominibus,
839 1371 896 1440 sed
914 1369 1102 1441 facultatem
1123 1370 1253 1456 deesse,
1265 1369 1355 1466 quod
1372 1369 1455 1440 salus

398 1479 468 1572 ejus
489 1501 611 1574 magno
632 1475 772 1546 militum
790 1475 940 1572 praesidio
959 1477 1195 1564 custodiretur,
1213 1475 1455 1572 respondisset,

397 1599 435 1654 ut
450 1585 575 1654 serrum
593 1583 654 1652 sibi
674 1582 767 1652 daret
775 1579 798 1670 ²,
809 1581 1237 1670 obsecravit,affirmando,
1248 1581 1404 1678 perfacile
1422 1607 1454 1652 se

398 1715 473 1759 eum
496 1689 766 1808 interfecturum,
783 1689 895 1783 quod
887 1715 921 1758 m
940 1689 1025 1760 lectu
1039 1687 1123 1759 illius
1137 1688 1307 1759 considere
1326 1687 1452 1758 soleret

397 1797 599 1891 Predagogus
626 1809 659 1865 et
687 1797 832 1864 animum
857 1797 994 1866 Catonis
1017 1797 1169 1890 agnovit,
1191 1809 1225 1864 et
1251 1797 1454 1926 propositum

398 1903 586 1987 exhorruit,
607 1926 748 1998 eumque
769 1915 884 1998 postea
905 1902 947 1972 ad
970 1901 1093 1972 Sullam
1114 1885 1308 1971 excussum³
1329 1926 1455 1996 semper

398 2009 543 2078 adduxit.
571 2007 663 2080 Nihil
681 2009 746 2078 hoc
765 2007 999 2078 admirabilius
1023 2010 1136 2078 Ριιιιι
1127 2033 1161 2076 ιιι
1182 2007 1317 2076 officina
1341 2007 1455 2078 crude·

398 2103 512 2184 litatis⁴
527 2114 769 2235 deprehepsus,
783 2116 942 2184 victorem
961 2136 1029 2185 non
1049 2114 1218 2202 extimuit,
1232 2128 1303 2182 tum
1319 2115 1455 2182 maxime

398 2217 566 2307 consules,
590 2223 795 2314 municipia,
817 2220 1022 2316 legiones,e
1004 2221 1163 2315 equestris
1186 2167 1328 2290 oidinis⁵
1356 2223 1455 2313 majo·

400 2351 471 2396 rem
487 2340 615 2420 partem
634 2326 860 2396 trucidantem.
886 2329 998 2422 Ipsum
1014 2327 1199 2396 Marium
1175 2351 1200 2396 ει
1218 2327 1292 2420 quis
1297 2309 1381 2396 ⁶illo
1397 2325 1456 2396 loci

400 2553 437 2586 no
451 2533 593 2596 intellexit;
609 2511 658 2584 nec
677 2549 744 2602 opus
758 2535 908 2603 conjectura
950 2533 1020 2586 deret
1037 2529 1197 2605 legendum,
1217 2533 1372 2606 neutiquam
1390 2533 1457 2585 daie·
1575 2535 1576 2544 ’

400 2613 521 2667 Perizon.
532 2615 654 2683 praecepit.
951 2627 1001 2677 ιιιι,
1018 2625 1049 2666 ut
1064 2609 1102 2666 est
1118 2615 1145 2665 in
1159 2613 1260 2685 aliquot
1279 2611 1358 2666 oodd.
1372 2645 1413 2655 —
1429 2613 1457 2666 la
1575 2647 1576 2674 ι

445 2711 470 2746 ι.
491 2694 540 2745 An.
558 2691 592 2744 U.
610 2693 677 2762 671.
692 2689 762 2743 Plut.
785 2689 906 2745 inCatil.
951 2693 1019 2746 lecto.
1045 2693 1156 2764 Antiqui
1179 2693 1266 2745 stratis
1295 2691 1370 2744 tribus
1393 2693 1457 2744 tecte
1575 2729 1576 2748 ι

401 2773 514 2826 Torren.
528 2783 554 2824 et
563 2771 651 2843 Kepp.
664 2769 763 2836 babent
775 2771 850 2832 ι’ᾰιιιις
861 2769 908 2824 eed
951 2773 1134 2844 epulabantur,
1141 2769 1213 2825 unde
1221 2783 1247 2826 ct
1257 2773 1385 2823 triclr'rrium
1396 2785 1457 2824 eter-
1575 2823 1576 2828 ,

402 2851 555 2923 conjunctio
576 2854 631 2914 ἰιειιι
650 2843 699 2910 (de
723 2847 813 2914 meme)
831 2851 908 2904 nobie
950 2851 1184 2925 nidicitur.Thye.
1198 2851 1234 2904 nit
1244 2869 1251 2904 :
1261 2863 1355 2912 errent,
1371 2855 1413 2924 qui
1422 2851 1458 2903 dt·

402 2931 483 3003 magis
497 2931 591 3002 placet.
601 2929 845 3002 -Pmrcrintorum
854 2929 909 2996 Qui
951 2944 1021 2995 eant,
1031 2932 1157 2984 triclinium
1173 2951 1221 2983 esse
1235 2931 1359 2982 basilicam
1370 2933 1455 3002 ι’ριιιιι,

402 3011 544 3082 proscripti
572 3019 653 3078 eunt,
679 3027 771 3063 eorum
799 3011 908 3062 nomina
951 3016 998 3064 sive
1025 3015 1185 3064 certationem.
1209 3009 1261 3062 Sed
1282 3028 1371 3062 errare
1391 3011 1457 3063 mibi

402 3091 499 3162 scripta
518 3090 547 3142 in
562 3091 623 3142 foro
646 3091 860 3161 exponebantur,
883 3103 909 3143 et
952 3091 1007 3164 ipse
1019 3090 1132 3161 Thyrius
1142 3089 1193 3142 hoe
1205 3087 1264 3142 loco
1278 3087 1400 3156 videtur,
1414 3092 1458 3162 qui

401 3173 444 3241 jus
458 3169 582 3222 omnibus
596 3181 651 3220 erat
664 3187 708 3222 eos
721 3167 907 3222 interficiendi.
951 3181 1043 3241 putat,
1066 3165 1099 3221 de
1122 3189 1194 3222 coeoa
1218 3187 1273 3222 esse
1300 3187 1457 3223 sermonem.

402 3247 482 3315 Quod
496 3267 580 3320 quum
597 3247 809 3320 suspicarentur,
823 3247 908 3300 conti-
993 3249 1018 3302 3.
1037 3249 1179 3302 Excessum.
1198 3249 1318 3301 Excutere
1331 3249 1384 3302 boe
1399 3249 1456 3302 loeo

403 3347 459 3382 nuo
465 3327 571 3381 civitate
578 3339 750 3380 excesserunt.
757 3327 910 3380 Eorumbo·
952 3339 991 3380 est
1001 3327 1128 3393 mrutari,
1140 3329 1162 3380 ei
1174 3325 1306 3402 quiequid
1318 3327 1456 3382 abscondi·

404 3425 495 3480 napro
502 3406 611 3462 arbitrio
623 3405 810 3476 proscribentis
820 3419 907 3478 rapta,
951 3418 1008 3460 tum
1029 3425 1117 3460 seeum
1134 3407 1242 3473 habeat,
1265 3405 1338 3480 quod
1359 3409 1413 3461 iere
1427 3408 1456 3460 iit

403 3485 525 3548 vendite,
535 3483 630 3538 domne
639 3503 707 3556 saepe
717 3483 819 3538 dirmre
830 3485 909 3538 Multi
952 3487 1102 3540 excindendae
1116 3483 1300 3541 amictuswd.
1311 3487 1396 3541 Cicer.
1408 3505 1456 3560 pro

404 3579 489 3618 eutem
496 3577 656 3636 antequam
668 3565 908 3635 proscriberentur
952 3567 1047 3618 Roscio
1063 3567 1179 3622 Ameria.
1197 3585 1247 3638 97,
1262 3583 1291 3620 ac
1304 3565 1411 3621 iniral.
1417 3569 1455 3632 V,

404 3643 541 3716 deprensi.
555 3643 708 3697 oocisisunt
722 3657 748 3695 et
762 3661 910 3696 eorumco-
952 3663 974 3698 c.
991 3652 1024 3710 4,
1043 3665 1072 3697 ιι.
1091 3665 1118 3716 7.

404 3724 459 3794 pita
475 3721 507 3774 ad
521 3721 620 3775 Sullam
631 3720 724 3776 delata.
737 3755 778 3768 ·-
792 3723 911 3794 Sarpedo·
993 3731 1019 3789 4.
1041 3725 1071 3776 Ιιι
1091 3723 1187 3796 officina
1200 3724 1356 3780 crudelitatis.
1371 3723 1404 3778 ld
1418 3737 1456 3778 est

405 3821 464 3855 nem.
476 3803 516 3854 Ita
531 3819 638 3874 quoque
649 3800 747 3854 dicitur
760 3802 907 3856 Plutarcho.
953 3803 980 3855 in
996 3803 1073 3876 Syllae
1085 3803 1192 3858 aedibus.
1199 3792 1263 3858 Vid
1276 3805 1347 3878 Epir.
1362 3805 1452 3859 Liml.

304 3891 307 3898 ⁴
403 3881 456 3934 Alii
470 3881 625 3952 Semedoaem
642 3893 668 3934 et
683 3881 863 3954 Scarpedorrem.
951 3883 1130 3936 LXXXVIII.

446 3979 474 4014 ι.
494 3961 581 4013 Daret.
605 3961 733 4053 Nempe'
725 3981 763 4028 rs,
778 3979 838 4014 cum
854 3977 908 4034 quo
993 3965 1018 4016 5.
1051 3964 1176 4036 Equestris
1198 3965 1295 4017 ordinis.
1319 3965 1364 4018 Bis
1384 3963 1454 4018 mille

402 4039 617 4110 colloquebatur,
634 4040 697 4118 qui
700 4057 760 4092 eum
776 4039 909 4094 eustodie-
952 4043 1052 4116 equites
1062 4041 1157 4097 delecti
1167 4056 1229 4096 eunt
1240 4041 1273 4096 ad
1286 4043 1453 4116 supplicium.

402 4120 447 4173 bet
453 4117 658 4190 paedagogus
635 4135 699 4186 ejus
692 4107 789 4172 Unde
798 4137 908 4172 omnino
993 4127 1020 4174 6
1028 4123 1057 4176 Si
1063 4143 1123 4195 quas
1137 4123 1306 4177 Anonnullie
1317 4121 1396 4177 codd.
1410 4123 1453 4176 ab·
