3218 5128
386 551 494 620 cte.
522 545 1025 636 v1,nnen0n1c11s.
1191 545 1233 618 ιι

173 697 399 768 contraxerat,
419 682 526 777 spatio
552 680 649 750 unius
672 677 736 747 diei
760 677 933 774 confregit
958 679 1037 768 Quo
1060 695 1189 751 constat
1206 685 1241 752 in

173 791 317 862 delubris
335 792 447 860 Deum
466 811 524 858 sun
540 800 659 881 sponte
677 787 769 881 signa
786 809 948 856 conversa
961 811 971 870 3
986 785 1160 856 militarem
1176 788 1241 859 cis·

173 922 320 984 moram,
337 896 578 990 strepitumque
596 907 773 961 armornmx
785 891 869 960 adeo
885 914 1044 986 uragnum
1059 895 1243 966 Antiochiae

173 1021 207 1076 et
216 1001 421 1074 Ptolemaide¹
435 1000 585 1069 auditum
596 1051 606 1087 ,
617 1011 656 1067 ut
667 999 701 1066 in
713 1023 826 1067 muros
839 1013 1113 1088 concurreretur3
1125 995 1244 1073 so'num

173 1126 411 1206 tympanorum
425 1103 595 1202 Pergami¹
618 1103 738 1177 abditis
754 1103 900 1176 delubris
920 1104 1046 1176 editum
1068 1133 1077 1194 ;
1098 1107 1243 1202 palmam

174 1215 316 1286 viridem
335 1211 518 1282 Trallibus²
530 1214 564 1281 in
585 1210 655 1280 oedc
675 1212 850 1300 Victoriae,
871 1211 932 1279 sub
953 1213 1092 1282 Caesaris
1115 1229 1246 1302 statua,

173 1325 263 1394 inter
291 1335 487 1416 coagmenta
516 1315 663 1414 lapidum
687 1317 782 1412 justae
813 1317 1050 1412 magnitudinis
1079 1335 1209 1390 enatam
1237 1349 1244 1390 ε

175 1430 297 1550 quibus
321 1439 478 1524 apparet,
498 1424 676 1496 caelestium
698 1448 822 1492 numen
843 1437 876 1492 et
901 1425 1040 1494 Caesaris
1065 1425 1176 1519 gloriae
1199 1428 1244 1498 la·

176 1539 278 1620 visse,
299 1549 333 1602 ct
348 1533 512 1668 Pompeii⁴
513 1555 661 1600 errorem
676 1529 825 1598 inhibere
846 1527 1000 1600 voluisse.

237 1637 292 1714 13
311 1643 399 1708 Tuas
417 1624 512 1707 aras
515 1651 661 1756 ,tuaque
679 1637 884 1706 sanctissima
902 1635 1046 1732 templa,
1065 1635 1139 1708 dive
1163 1639 1246 1728 tuti,

176 1762 353 1817 veneratus
380 1771 461 1834 οιο,
482 1757 520 1812 ut
541 1743 685 1862 propitio
705 1767 744 1812 ac
770 1742 893 1810 faventi
915 1745 1051 1812 numine
1078 1759 1246 1816 tantorum

176 1879 274 1925 casus
292 1855 441 1919 virorum
462 1850 524 1919 sub
542 1851 590 1917 tui
609 1845 750 1942 exempli
772 1847 924 1942 praesidio
945 1873 984 1916 ac
1005 1847 1107 1917 tutela
1125 1849 1250 1921 delites·

178 1983 255 2030 cere
272 1959 416 2053 patiaris.
428 1957 476 2026 Te
497 1956 585 2022 enim
601 1955 800 2048 accipimus,
824 1977 864 2020 eo
885 1952 955 2040 die,
975 1979 1060 2048 quo,
1079 1980 1248 2055 purpurea

178 2079 271 2134 veste
286 2061 428 2149 velatus,
443 2084 543 2128 aurea
560 2061 594 2127 in
611 2057 689 2128 sella
708 2057 902 2146 consedisti,
918 2083 959 2127 ne
980 2061 1124 2130 maximo
1140 2063 1248 2134 studio
1279 2067 1282 2074 ’

180 2183 314 2242 senatus
333 2168 530 2262 exquisitum
551 2180 586 2260 pt
602 2163 748 2235 delatum
767 2165 929 2234 honorem
943 2169 1104 2260 sprevisse
1121 2169 1249 2238 videre·

179 2279 243 2363 ris,
267 2277 459 2371 priusquam
476 2286 668 2402 exoptatum
696 2273 818 2340 civium
841 2269 981 2344 oculis
962 2289 1177 2368 conspectum
1200 2279 1248 2346 tui

178 2383 336 2469 offerres,
351 2379 454 2450 cultui
468 2365 655 2473 roligionis⁵
658 2379 715 2466 ‚in
730 2399 828 2472 quum
848 2403 927 2446 mox
942 2401 1015 2447 eras
1030 2382 1247 2502 transiturus,

177 2513 332 2559 vacasse·
323 2499 554 2580 mactatoque
563 2510 703 2615 opimo
688 2485 775 2554 bove
787 2509 846 2556 cor
854 2510 889 2556 ιιι
900 2499 982 2554 extas
991 2509 1244 2581 nonrepertsse

177 2621 217 2664 ac
231 2619 426 2690 responsum
442 2591 529 2663 tibia
541 2577 703 2686 δριιιιιιιι6
716 2615 866 2686 aruspice
873 2609 1059 2686 ,peremere
1067 2593 1146 2662 ed
1113 2618 1247 2688 aegrum

179 2793 293 2848 necdum
303 2791 450 2846 consuleris
456 2787 548 2862 ,quod
555 2789 693 2843 nulliccn·
776 2796 803 2854 A.
815 2791 880 2842 Tuas
892 2811 956 2843 arus.
969 2789 1247 2852 AdulaturhicCaesn·

180 2875 284 2945 tigerat,
301 2891 334 2928 ex
350 2871 439 2925 Aleion
456 2831 688 2942 ἷιὶιιιιιρὶιινίιμ-
734 2869 758 2922 ti
764 2869 914 2942 simulque
922 2889 1026 2924 vennam
1034 2871 1115 2944 petit,
1124 2893 1146 2926 ιι
1154 2889 1246 2930 contra

180 2953 266 3024 Spurio
277 2957 346 3006 misr
359 2953 416 3005 diei.
427 2952 460 3002 In
472 2967 527 3002 ιιοιι
535 2949 691 3022 pharsalica
734 2965 796 3003 eum
809 2947 929 3002 dicturus
944 2951 994 3016 sit,
1008 2969 1070 3004 eum
1086 2951 1113 3004 in
1127 2967 1246 3008 contern-

180 3032 245 3086 Vid.
261 3033 390 3086 cessum
405 3029 440 3084 de
453 3029 528 3082 Bello
539 3029 598 3084 etv.
734 3029 829 3084 nendis
838 3029 962 3102 periculis
974 2992 1052 3084 firisse
1066 3033 1245 3093 temerarium.

222 3131 245 3166 ι.
268 3114 393 3183 Pergami.
407 3111 566 3181 Pergamum
584 3104 650 3171 (us)
666 3117 693 3162 ct
735 3109 832 3162 Omnia
849 3121 911 3162 sunt
932 3106 1010 3181 plens
1033 3109 1131 3164 horum
1152 3102 1246 3184 prodi-

178 3193 300 3245 Thrucin
315 3204 343 3244 et
362 3190 485 3261 Phrygia
502 3188 609 3260 majoris
627 3188 692 3241 urbs
734 3189 859 3260 giorum,
878 3209 992 3262 quorum
1011 3191 1124 3244 maxime
1147 3194 1246 3248 mirum

179 3283 247 3324 eret.
258 3301 298 3312 -
306 3271 406 3323 Auno
416 3269 529 3322 delubris.
535 3267 633 3321 Abdita
644 3265 691 3320 de·
734 3267 852 3335 ridetur,
864 3287 966 3342 greges,
977 3287 1043 3342 quos
1053 3271 1141 3324 Caesar
1154 3271 1181 3324 iu
1195 3285 1247 3328 tra·

178 3350 253 3403 lnbri
263 3361 345 3420 porte.
353 3349 482 3402 Nonnulli
496 3349 587 3419 legunt
602 3365 609 3400 ι
627 3347 691 3418 udy·
731 3346 848 3420 jiciendo
874 3349 1012 3403 Rubicone
1036 3362 1245 3420 consecraverat,

182 3434 215 3482 ris
227 3429 331 3488 delubri,
342 3445 420 3500 quom
431 3429 490 3481 lect.
498 3428 613 3480 Torren.
629 3445 691 3480 cum
734 3447 789 3480 non
805 3430 890 3481 solnm
903 3429 1110 3502 pertinacissime
1122 3449 1136 3481 a
1147 3431 1245 3504 pabulo

181 3505 586 3578 Gudaetllurmpenlerendam
594 3515 690 3559 censa.
735 3507 905 3575 obstipuisse,
920 3505 966 3562 sed
978 3505 1053 3562 flesse
1063 3509 1156 3574 etiam,
1172 3509 1245 3584 quod

224 3608 249 3643 n.
270 3586 400 3640 Trnlls'bss.
408 3587 508 3639 Tralles
519 3588 585 3640 urbs
598 3584 692 3658 Lydia
733 3587 844 3658 legimns
861 3589 889 3641 in
904 3585 1012 3660 Virgilii
1031 3585 1182 3660 Daphnide.

181 3666 484 3741 tutpotiusl’ltrygioio
494 3666 591 3720 finibus
597 3667 692 3720 Corin.
777 3667 801 3720 ⁵.
820 3665 906 3720 Cultni
918 3669 1077 3736 religionis...
1091 3687 1197 3722 evaeum.
1211 3669 1244 3724 ld

181 3746 448 3802 Tnllenses'Cnsnri
470 3757 581 3798 statuam
601 3763 692 3798 erexe-
734 3743 1024 3818 est,quemadmodnm
1039 3766 1071 3800 eo
1087 3745 1130 3802 die
1148 3751 1244 3806 sacrifi·

182 3828 564 3898 rant,subquaperjuncmras
571 3821 692 3896 lapidum
734 3827 810 3878 cubas
826 3827 895 3890 Diis;
912 3827 948 3879 ita
968 3823 1017 3878 tibi
1035 3843 1141 3900 quoque
1154 3825 1245 3902 paullo

182 3908 364 3982 operimento
383 3905 470 3978 palma
482 3904 625 3978 pullulasse
639 3904 692 3957 ier·
734 3915 807 3976 post,
820 3906 848 3958 in
861 3905 978 3958 Deorum
993 3923 1135 3962 numerum
1148 3909 1245 3978 relato,

182 3997 235 4041 tur.
247 4019 287 4030 -
296 3987 375 4040 Jurtoe
390 3985 570 4056 mugnimdinr'o.
578 3984 691 4037 Tora-en.
733 3997 791 4037 erat
803 3983 1012 4038 sacrificandum.

182 4067 294 4139 explicet
313 4067 450 4139 :plenam
466 4075 546 4118 rentes
559 4064 691 4136 magnitu-
776 4067 793 4118 6
834 4063 939 4136 Spurina
957 4063 1133 4138 praedixerat,
1153 4065 1244 4124 omnes

182 4145 267 4216 diuis,
283 4159 380 4218 quante
403 4145 547 4201 victoribus
565 4141 625 4198 deri
648 4163 690 4198 so·
735 4142 817 4198 diosa
830 4144 886 4199 Cal.
899 4145 1025 4218 usquead
1039 4145 1080 4199 Id.
1096 4147 1176 4200 Mart.
1188 4149 1244 4204 Coe·

178 4226 256 4280 lem.
735 4225 847 4278 wisse
855 4225 1092 4298 periculososQue
1100 4245 1182 4297 quum
1190 4229 1246 4280 sine

1002 4323 1044 4408 4,
