3190 5122
412 536 486 622 348
530 621 532 626 ι
625 533 850 603 VALERII
878 531 1085 600 ΜΑΧΙΜῙ
1113 531 1206 600 LIB.
1234 532 1277 600 V.

410 669 529 755 traria,
556 667 643 733 inter
664 663 828 734 districtos
858 663 1007 732 cominus
1028 685 1206 732 mucrones
1227 659 1394 756 placidum
1421 663 1485 732 iter

412 775 573 870 reperire3
588 773 691 841 vincit
711 773 812 854 iram,
830 772 1009 865 prosternit
1023 769 1154 854 odium,
1169 768 1388 863 hostilemque
1407 793 1482 838 san·

412 884 544 976 guinem
557 879 730 948 hostilibus
740 876 881 947 lacrimis
891 879 1007 946 miscet
1021 901 1112 970 :quae
1122 879 1221 945 etiam
1232 875 1240 899 ¹
1253 875 1481 946 admirabilem

412 986 608 1056 Hannibalis
629 1009 746 1054 vocem
769 1009 831 1080 pro
851 983 1021 1052 funeribus
1041 1007 1256 1052 romanorum
1280 983 1404 1052 ducum
1429 1009 1481 1052 ar-

413 1095 510 1162 bitria
530 1093 702 1162 statuentis
721 1093 897 1186 expressim
914 1087 1034 1186 quare²
1051 1089 1220 1184 aliquanto
1231 1092 1259 1160 ei
1276 1089 1350 1184 plus
1369 1089 1482 1184 glorie

412 1199 560 1285 Paullus,
586 1199 778 1285 Gracchus,
797 1213 831 1268 ct
855 1197 1033 1268 Marcellus
1050 1197 1187 1293 sepulti,
1211 1221 1310 1291 quarn
1329 1200 1479 1291 oppressi

412 1305 608 1390 attulerunt,
637 1305 797 1400 siquidem
824 1303 896 1374 illos
924 1307 1046 1400 punico
1071 1319 1145 1374 astu
1167 1305 1315 1400 decepit,
1342 1329 1479 1374 romana

413 1412 663 1482 mansuetudine
683 1413 870 1482 honoravit.
891 1415 960 1482 Vos
983 1435 1116 1507 quoque
1139 1410 1242 1482 fortes
1266 1435 1306 1480 ao
1327 1412 1390 1506 piae
1407 1437 1477 1480 um·

412 1519 500 1606 hrae,
526 1543 593 1587 non
618 1519 824 1614 poenitendus
849 1503 994 1588 sortitoe³
1022 1521 1101 1589 estis
1129 1521 1316 1613 exsequias3
1344 1543 1422 1586 nam
1442 1531 1478 1586 ut

412 1625 587 1722 optabilius
613 1629 646 1694 in
674 1627 800 1722 patria,
825 1629 870 1696 ita
897 1628 1075 1722 speciosius
1098 1651 1160 1722 pro
1183 1629 1289 1722 patria
1311 1624 1478 1719 collapsae,

413 1735 557 1827 supremi
581 1733 682 1804 officii
705 1733 806 1804 decus
825 1733 1015 1804 infelicitate
1033 1735 1207 1820 amissum,
1235 1735 1360 1802 virtute
1378 1757 1477 1802 recu-

413 1841 558 1934 pensus.

781 1938 1012 2028 CAPUT
1053 1939 1117 2025 II.

729 2105 778 2169 De
794 2109 916 2192 gratis⁴
936 2107 1162 2170 Romanorum.

416 2243 436 2272 r·
451 2228 547 2274 Senatus
559 2227 655 2274 rammi.
664 2254 695 2284 7-
705 2242 727 2274 a.
736 2230 867 2276 Iuventutis
881 2243 1026 2277 nomenm-
1035 2231 1056 2277 3.
1068 2229 1146 2276 Plebis
1158 2243 1263 2276 romena.
1273 2235 1334 2284 -4,
1343 2231 1379 2274 Μ.
1386 2229 1476 2274 Minucii

444 2307 498 2352 nna
516 2308 618 2370 magistr.
631 2309 743 2369 equitum.
753 2335 785 2344 --
796 2310 817 2358 5.
829 2313 858 2368 Q.
873 2311 975 2356 Terentii
987 2310 1105 2358 Culeonie.
1117 2335 1148 2346 -
1156 2309 1182 2358 6.
1195 2310 1287 2356 Civium
1298 2325 1312 2356 e
1324 2310 1413 2356 Graecia
1422 2308 1476 2354 libe-

442 2395 554 2434 rarorum.
566 2413 597 2422 —-
611 2403 631 2445 7.
641 2391 670 2446 Q.
682 2389 772 2436 Metelli
784 2390 818 2436 Pii
829 2406 876 2436 coe.
889 2415 921 2428 -
932 2393 954 2438 8.
967 2392 993 2440 C.
1003 2391 1072 2438 Harii
1083 2406 1130 2436 coe.
1143 2405 1178 2437 tv.
1189 2415 1220 2426 -
1231 2405 1254 2454 9.
1264 2392 1291 2436 l..
1304 2391 1376 2436 Solle
1385 2389 1476 2436 dietata·

444 2466 483 2512 rie.
497 2493 528 2502 -
541 2483 578 2516 ιο.
590 2468 790 2516 Libitinariorum.

679 2583 727 2647 Dc
739 2587 843 2670 gratis
859 2585 1074 2650 Externorum
1092 2607 1211 2674 regam.

414 2717 435 2748 r.
451 2703 659 2829 nuldlpmm'
678 2731 708 2746 -
725 2719 747 2754 a.
761 2709 902 2758 Mithridatis
918 2711 993 2756 Ponti.
1010 2735 1041 2746 -
1057 2710 1078 2756 3.
1092 2709 1163 2756 tani
1178 2710 1246 2754 Asiae.
1263 2733 1294 2744 -
1312 2715 1334 2762 a.
1350 2705 1476 2754 Masinissa

444 2783 516 2828 nm
541 2801 568 2830 ²
668 2861 720 2914 oa
744 2860 902 2920 caarrs
928 2860 1223 2918 nouauonun.

465 2983 585 3052 Gratas
607 3009 687 3054 vero
704 2988 913 3082 ingratasque
933 2989 1033 3056 animi
1052 2985 1305 3082 significationes
1324 2969 1376 3053 et⁵
1392 2983 1475 3052 facta

412 3086 507 3156 libuit
535 3089 640 3160 oculis
664 3093 839 3186 subjicere,
869 3110 907 3164 ut
934 3097 1013 3164 vitio
1040 3119 1079 3164 ac
1107 3095 1225 3162 virtuti
1242 3093 1332 3187 justa
1352 3116 1475 3162 merces

458 3291 483 3325 r.
500 3273 562 3342 Quoe
575 3279 646 3326 etiam
660 3277 831 3330 admirabilem.
847 3277 921 3332 MSS.
966 3277 1090 3350 displicet
1099 3279 1232 3332 aretenta.
1249 3276 1283 3330 ed
1296 3276 1343 3330 sit.
1359 3278 1399 3340 X,
1411 3277 1472 3346 307.

415 3363 468 3403 tres
483 3371 490 3402 ε
506 3365 578 3426 acque
600 3356 785 3420 admirabilem
802 3371 900 3428 reptem
914 3369 927 3410 τ’
967 3359 1023 3412 Nec
1036 3359 1167 3432 improbet
1179 3360 1290 3410 Torren.
1306 3359 1341 3409 At
1360 3358 1382 3408 si
1398 3360 1473 3408 sortiti

415 3443 486 3502 etque
497 3437 568 3486 etlam
584 3435 923 3490 adamatam-Arum
967 3451 1114 3503 teneamus,
1130 3457 1193 3490 mox
1211 3455 1318 3509 quoque
1334 3455 1386 3506 pro
1402 3437 1473 3490 cotta-

414 3518 547 3566 etatuenn's.
569 3513 600 3567 Id
622 3527 677 3582 est,
699 3518 836 3570 statuentis
855 3537 922 3590 pres-
963 3515 1168 3590 praelegendum
1181 3515 1287 3570 videtur
1301 3517 1413 3587 collapsi.

414 3590 467 3642 mia
481 3591 514 3644 ad
531 3595 600 3666 ipsos
614 3595 773 3649 firneruudoe
787 3598 922 3668 pertinen·
1009 3599 1086 3660 4120
1099 3601 1185 3670 gratie.
1198 3598 1269 3650 Telis
1282 3609 1323 3651 est
1335 3595 1470 3667 inscriptio

415 3669 465 3734 tie,
475 3685 505 3724 ut
518 3675 574 3727 Cic.
588 3677 615 3728 in
629 3677 681 3729 Pis.
698 3695 721 3729 c„
737 3697 771 3746 9,
787 3677 919 3748 loquitur:
966 3677 992 3730 in
1007 3679 1131 3731 omnibus
1144 3677 1219 3732 MSS.
1232 3691 1259 3730 et
1270 3676 1346 3731 editt.
1356 3689 1415 3728 ente
1428 3675 1472 3726 Pi·

418 3751 919 3825 arbitriapamatunertnbsmtieu.»
964 3755 1471 3828 gaiumnondegnotudtmutvulso

415 3829 476 3883 Peri
492 3832 573 3886 modo
587 3833 657 3890 idem
670 3849 696 3889 et
710 3837 781 3890 alibi.
965 3837 1114 3892 ediderunt.

456 3929 482 3964 a.
496 3915 586 3983 Quare.
597 3916 777 3970 Torreniuein
785 3919 859 3972 MSS}
867 3931 920 3971 Μ’·
1006 3919 1031 3972 5.
1056 3919 1147 3974 Gmtas
1160 3936 1217 3972 cem
1219 3957 1266 3971 .....
1282 3919 1393 3984 etsecce.
1408 3917 1471 3968 Tre·

415 3987 500 4044 decim
514 3995 613 4066 reperit
625 4001 689 4069 quius
706 3996 757 4050 Sed
771 4015 844 4072 prium
856 4017 919 4052 con·
963 3997 1049 4051 decim
1063 4001 1140 4054 MSS.
1156 4013 1182 4054 et
1192 4010 1254 4052 vett.
1265 3996 1344 4051 editt.
1352 4009 1415 4051 aute
1427 3996 1470 4048 Pi·

415 4071 561 4126 venientiue
575 4089 622 4128 cst.
962 4079 1054 4149 phium
1067 4081 1165 4134 hebent
1178 4081 1216 4134 sic
1231 4098 1238 4132 :
1250 4090 1338 4150 gratas
1352 4079 1469 4130 mui-

457 4149 482 4202 3.
491 4151 598 4206 Sortitoe.
608 4155 676 4208 Octo
683 4156 856 4218 nassonem}
864 4156 918 4210 duo
963 4163 996 4209 mt'
1009 4159 1193 4230 signifi-otiores
1201 4173 1225 4212 et
1235 4162 1422 4229 iammsercta.
1430 4187 1468 4200 --

415 4229 606 4288 [οηὶιίηἰῑὶοκ
617 4253 667 4305 pro
681 4235 918 4306 sortiti‚quodnon
964 4237 1033 4291 Vitio
1055 4259 1084 4292 ae
1104 4244 1200 4296 obtati.
1225 4240 1334 4310 Pighius
1362 4239 1466 4296 inm
