3184 5132
397 492 465 575 ida
574 487 801 556 VALERII
834 485 1040 556 Maxtmt
1075 487 1171 556 LlB.
1206 489 1257 556 11.

391 617 536 691 consulis
562 617 698 687 domum
723 617 889 688 dimittere
917 641 1055 708 ausum,
1084 633 1215 690 senatu.
1231 621 1355 690 movit.
1386 621 1467 690 Non

391 727 491 823 digna
506 723 673 820 exempla,
686 749 759 818 quae
775 739 841 793 tam
856 725 1017 812 breviter,
1035 727 1097 796 nisi
1109 727 1288 820 majoribus
1301 752 1468 822 urgerer,

392 833 604 902 reserrentur.
624 829 714 920 Quid
727 833 814 900 enim
828 845 896 900 tam
911 830 1045 901 difficile
1059 832 1163 920 factu,
1177 857 1277 928 quarn
1291 833 1467 930 copulate

392 939 539 1010 societati
559 940 687 1033 generis
708 951 741 1006 et
761 939 958 1032 imaginum,
982 938 1164 1008 deformem
1183 941 1217 1009 in
1241 943 1394 1035 patriam
1416 965 1466 1009 ne-

391 1045 496 1115 ditum
515 1041 679 1114 indicere?
700 1059 758 1113 aut
776 1046 1002 1113 communioni
1017 1047 1175 1134 nominis,
1196 1071 1235 1115 ac
1252 1047 1396 1116 familiae
1415 1071 1467 1115 ve·

391 1153 469 1220 teris
488 1151 741 1246 propinquitatis
763 1152 845 1220 serie
862 1151 1057 1239 cohaerenti,
1076 1152 1262 1247 virgarum¹
1285 1167 1466 1222 contume

392 1257 473 1328 liosa
482 1257 618 1326 verbera
633 1255 809 1325 adbibere?
819 1272 877 1326 aut
892 1258 1079 1326 censorium
1098 1257 1331 1354 supercilium²
1347 1259 1466 1328 adver-

391 1390 445 1434 sus
462 1363 639 1433 fraternam
659 1363 828 1432 caritatem
851 1363 1073 1458 destringere?
1088 1367 1218 1434 Dentur
1234 1365 1305 1435 haec
1327 1363 1464 1460 singula

392 1473 540 1566 quamvis
551 1469 648 1539 claris
666 1469 877 1538 civitatibus:
895 1469 1029 1539 abunde
1040 1485 1151 1540 tamen
1162 1470 1463 1568 gloriadisciplinae

388 1576 535 1648 militaris
557 1578 724 1645 instructae
746 1561 978 1644 videbuntur³.

443 1709 477 1782 6.
491 1696 553 1780 Αἰ*
565 1723 678 1778 nostra
691 1707 786 1796 urbs,
799 1729 872 1804 quae
882 1711 972 1778 omni
986 1734 1106 1806 genere
1118 1711 1335 1782 mirificorum
1352 1737 1461 1782 exem·

391 1816 521 1912 plorum
537 1830 644 1885 totum
659 1815 773 1885 orbem
785 1829 947 1884 terrarum
961 1816 1116 1911 replevit,
1131 1819 1375 1913 imperatorum
1388 1843 1450 1915 pro

389 2030 518 2102 primatus
542 2027 742 2080 attribuebatur.
774 2023 897 2078 Perizon.
942 2025 1022 2078 etiam
1046 2043 1079 2078 ex
1105 2027 1283 2093 senatoribus,
1307 2029 1459 2100 presertim

389 2127 439 2182 pro
447 2109 564 2160 cohortem
571 2103 898 2177 reposuucomommtton
941 2105 1061 2175 graviore
1077 2103 1164 2160 bello:
1179 2105 1295 2178 alioquin
1311 2127 1386 2180 supe
1404 2127 1458 2180 gra-

390 2189 461 2242 enim
475 2205 553 2240 unam
564 2185 674 2256 legionis
688 2184 841 2246 cohortem,
852 2181 899 2236 sed
942 2181 992 2236 dus
1001 2183 1044 2237 bic
1051 2182 1084 2236 ad
1091 2187 1251 2239 senatorium
1258 2185 1386 2242 ordinem
1394 2201 1457 2242 erat

391 2271 519 2337 integram
537 2265 666 2336 legionem
677 2262 808 2316 dimiserat.
820 2261 898 2316 Certe
942 2261 1009 2316 Inde
1032 2281 1125 2318 eorum
1145 2263 1304 2333 discrimen,
1323 2287 1384 2340 quo
1399 2267 1456 2320 lati·

389 2341 899 2416 cousorsappellaturaLivioetVellejo.
941 2343 1018 2395 clarii
1026 2355 1051 2395 et
1059 2345 1237 2416 angustiolarii
1246 2347 1455 2402 nominatimnt.

391 2424 442 2480 Sed
461 2426 546 2478 obstat
563 2420 740 2475 emendationi
759 2423 899 2476 auctoritas
942 2421 1005 2476 ttae
1024 2421 1138 2496 dignitas
1153 2426 1291 2480 ambitiose
1310 2428 1411 2499 petita,
1431 2439 1455 2478 et

389 2505 510 2560 omnium
519 2503 594 2556 MSS.
605 2533 646 2544 -
659 2501 777 2553 Triduum
789 2501 897 2554 militum.
942 2519 996 2573 quo
1019 2503 1141 2574 pluribus
1163 2505 1304 2578 gratificari
1327 2519 1454 2580 possem,

390 2583 505 2638 Tribuni
532 2582 588 2635 seni
615 2581 642 2634 in
669 2597 774 2652 quaque
796 2581 900 2652 legione
942 2583 1071 2636 semestris
1087 2583 1162 2637 iacta.
1179 2585 1340 2651 Quinetiam
1354 2585 1454 2640 annulo

390 2675 474 2719 eraut.
497 2661 585 2716 Creati
603 2661 720 2732 primum
741 2679 756 2712 a
771 2661 898 2727 Romulo,
942 2679 1022 2714 aureo
1037 2663 1179 2717 utebantur
1199 2665 1312 2732 tribuni,
1333 2667 1401 2720 bine
1417 2686 1452 2718 se·

391 2747 500 2818 ejusque
512 2739 633 2814 exemplo
646 2759 661 2793 a
676 2739 780 2812 regibus
793 2752 820 2793 et
834 2759 898 2793 oon-
942 2753 1025 2793 mestre
1041 2761 1224 2798 ourumeorum
1236 2743 1395 2818 dignitatern
1405 2765 1452 2800 ro·

391 2825 506 2890 nulibus,
523 2820 609 2875 donee
621 2833 648 2874 et
660 2820 774 2892 populus
787 2821 814 2872 in
827 2821 899 2875 bunc
942 2833 983 2874 eat
996 2821 1139 2877 iuvenalis.

391 2905 520 2958 bonorem
544 2905 587 2974 jue
613 2914 640 2956 et
667 2901 822 2972 suffragium
847 2901 899 2956 eibi
985 2919 1009 2955 r.
1023 2901 1163 2972 Vr'rgarum.
1179 2905 1313 2976 quuitur
1325 2903 1362 2959 de
1372 2909 1452 2960 Aure-

390 2983 516 3058 sumpsit,
531 2981 615 3036 circit.
629 2999 671 3036 au.
689 2999 715 3034 u.
729 2981 796 3050 ³93.
807 2981 899 3046 Quum
940 2979 993 3046 lio,
1006 2999 1085 3052 quem
1100 2981 1177 3036 Cotta
1190 2985 1270 3056 virgis
1283 2983 1349 3038 cedi
1364 2987 1449 3060 jussit

389 3085 454 3119 vero
470 3063 558 3116 minus
578 3059 668 3114 idonei
682 3073 836 3115 crearentur
850 3079 899 3132 per
983 3079 1008 3112 a.
1024 3059 1161 3115 Censorium
1175 3065 1332 3135 supercilium
1347 3063 1449 3119 Severi·

390 3145 518 3200 ambitum
534 3154 560 3195 et
580 3141 704 3212 gratiam,
723 3141 838 3212 populus
852 3157 897 3192 ex·
941 3151 1060 3192 tunnam
1070 3141 1098 3194 in
1106 3145 1364 3214 torvosupereilabrum
1375 3157 1450 3198 motu

388 3227 484 3281 clusus.
500 3221 552 3276 Sed
564 3220 669 3272 nonita
681 3221 766 3273 multo
778 3232 838 3292 poet
849 3237 898 3291 po·
940 3217 1060 3291 quedam
1076 3221 1156 3275 tristis
1172 3223 1294 3276 severitas
1306 3245 1352 3278 seu
1365 3237 1449 3280 auste-

388 3307 468 3380 pulus
483 3306 526 3375 jus
547 3299 669 3372 repetiit,
692 3299 728 3352 ita
748 3311 847 3362 tamen,
867 3312 898 3352 ut
940 3299 1449 3374 ritasostenditur.-Dertrinpere.Mi·

388 3404 479 3459 parem
491 3397 631 3436 numerum
645 3379 765 3432 eonsules
778 3391 804 3432 et
814 3397 899 3450 popu·
940 3378 998 3432 nari
1014 3397 1059 3432 seu
1078 3399 1205 3434 exercere.
1221 3385 1243 3434 Δ
1262 3383 1450 3454 gladiatoribus

389 3467 430 3520 lue
450 3473 577 3518 crearent.
598 3459 652 3524 Qui
674 3477 689 3510 a
709 3459 810 3530 populo
825 3477 897 3510 erea-
939 3457 1152 3531 desumptam,
1165 3463 1211 3534 qui
1225 3461 1342 3534 gladium
1353 3465 1449 3518 distrin-

389 3547 501 3608 buntur,
517 3537 897 3613 dignioresbabitietcomitiuti
938 3551 1001 3608 gunt
1013 3538 1042 3591 in
1058 3537 1227 3594 adversarios.

389 3623 470 3689 dieti,
483 3623 544 3694 quia
557 3621 647 3674 Romae
662 3621 690 3672 iu
704 3617 819 3672 comitiis
827 3617 897 3671 deei-
982 3617 1007 3671 3.
1017 3619 1349 3677 Denmr......oidehuntur.
1358 3621 1391 3676 Id
1400 3635 1446 3686 est,

388 3703 536 3778 gnabautur
548 3719 554 3753 :
568 3701 615 3772 qui
628 3717 717 3753 acum.
729 3699 756 3752 iu
766 3698 897 3768 exercitu,
939 3697 960 3751 si
970 3698 1167 3773 civitates‚qure
1175 3715 1332 3756 rerumsuut
1341 3705 1445 3776 potitur,

389 3785 457 3837 rutili
476 3781 530 3834 sire
545 3793 635 3851 postea
646 3781 721 3847 rosuli
733 3777 808 3832 dicti.
829 3777 896 3832 Prte-
939 3777 1048 3850 singular
1067 3799 1151 3833 unum
1176 3793 1277 3834 tantum
1297 3786 1445 3856 exemploru

389 3878 460 3918 rom
469 3873 513 3913 aut
524 3879 588 3913 cose.
598 3872 643 3912 aut
650 3860 696 3930 qui
704 3879 754 3932 pro
763 3859 815 3924 eie,
828 3877 896 3930 sepe
938 3858 1067 3912 baberent
1077 3879 1184 3936 eorum,
1200 3879 1258 3932 quae
1273 3861 1445 3926 ostendimus,

389 3946 417 3996 in
428 3939 572 4015 provinciis
581 3939 704 3994 creabant
717 3941 852 4002 tribunos3
865 3939 894 3991 bi
938 3937 1043 3990 abunde
1059 3953 1145 3992 tamen
1161 3942 1311 3994 observasse
1325 3941 1446 3996 rideren-

389 4041 452 4076 vero
459 4021 487 4074 in
495 4037 576 4072 anuos
583 4017 894 4073 mutabuntur.Tribuuo·
938 4031 982 4070 tur
990 4037 1107 4072 severam
1119 4017 1286 4091 disciplinam
1297 4023 1443 4076 militarem.

386 4123 448 4158 rum
463 4099 559 4172 duplex
570 4099 786 4171 genuszequites
799 4111 826 4152 et
838 4099 895 4172 ple·
931 4115 935 4126 ·
979 4105 1005 4162 4.
1016 4099 1061 4151 Ae.
1072 4100 1122 4152 An.
1132 4099 1166 4152 U.
1182 4099 1443 4156 SaaNideDiodor.

385 4185 449 4237 beii.
470 4182 561 4236 Plures
572 4197 604 4232 ea
613 4177 757 4246 equitibus,
767 4197 822 4232 nou
832 4197 894 4232 raro
939 4177 1065 4242 sic.xl1;
1076 4179 1133 4232 Lir.
1142 4179 1197 4244 1v;
1206 4179 1275 4234 Geli.
1288 4181 1340 4234 XV
1342 4179 1370 4234 11
1374 4221 1383 4248 ,
1394 4181 1440 4234 uit.
