3216 5164
413 547 487 634 454
625 547 847 614 VALERII
875 545 1082 612 ΜΑΧΙΜΙ
1111 545 1208 612 LIB.
1237 545 1303 611 VI.

414 682 483 750 lum
505 681 547 748 de
568 682 665 773 Sigeo
691 702 769 748 cum
795 677 1053 748 Atheniensibus
1076 677 1260 774 gerendum
1283 676 1350 746 suit
1368 703 1381 745 :
1401 693 1522 773 post-

413 811 513 883 quam
528 801 639 856 autem
661 811 728 882 pax
743 787 882 856 victoria
895 801 993 883 parta
1005 799 1077 875 est,
1091 787 1251 856 continuo
1272 783 1521 854 reclamanti-

415 896 478 964 bus
493 893 689 988 Mitylenaeis
707 893 860 988 deposuit
872 921 881 978 ;
895 919 939 963 ne
951 891 1106 963 dominus
1124 894 1248 962 civium
1260 891 1371 980 ultra,
1393 919 1517 988 quam
1587 943 1588 952 η

417 999 606 1096 reipublicae
623 1002 799 1070 necessitas
815 1015 987 1096 exegerat,
1004 1015 1232 1096 permaneret;
1251 1013 1353 1095 atque
1371 1003 1518 1088 etiam,
1587 1005 1588 1012 ’

417 1133 521 1204 quum
538 1109 725 1203 recuperati
745 1109 815 1204 agri
833 1107 968 1176 dimidia
986 1133 1065 1204 pars
1086 1133 1251 1178 consensu
1270 1109 1435 1177 omnium
1460 1110 1516 1178 os-

417 1217 571 1303 serretur,
585 1218 706 1285 avertit
718 1217 866 1285 animum
881 1217 924 1284 ab
938 1241 978 1285 eo
989 1241 1145 1299 munere3
1160 1213 1309 1284 deforme
1320 1213 1513 1308 judicans,

419 1324 550 1392 virtutis
571 1322 710 1418 gloriam
731 1321 959 1418 magnitudine
973 1323 1094 1419 praedae
1112 1324 1271 1391 minuere.

476 1483 509 1527 2.
528 1455 672 1526 Alterius
688 1481 778 1526 nunc
793 1456 875 1525 mihi
891 1455 1069 1552 prudentia
1085 1454 1259 1525 referenda
1273 1470 1342 1542 est,
1355 1470 1400 1524 ut
1419 1453 1508 1524 alte-
1587 1509 1588 1512 ,

422 1567 490 1634 rius
510 1565 740 1658 representari
757 1563 885 1658 justitia
905 1565 1028 1659 possit:
1048 1567 1153 1658 quum
1173 1561 1397 1633 saluberrimo
1421 1588 1506 1631 con·
1587 1555 1588 1636 i

423 1670 494 1740 silio
506 1668 764 1740 Themistocles¹
780 1671 925 1766 migrare
937 1669 1157 1740 Athenienses
1171 1673 1207 1740 in
1220 1667 1362 1739 classem
1373 1671 1505 1764 coegis-

425 1792 492 1864 set,
510 1779 689 1872 Xerxeque
708 1801 804 1872 rege,
822 1793 857 1846 et
874 1779 977 1872 copiis
995 1777 1066 1870 ejus
1086 1779 1217 1847 Graecia
1240 1775 1365 1872 pulsis,
1383 1779 1503 1845 minas

424 1886 539 1980 patriae
554 1885 588 1952 in
603 1886 778 1980 pristinum
796 1883 948 1953 habitum
964 1885 1180 1971 reformaret,
1193 1899 1228 1954 et
1246 1909 1326 1978 opes
1345 1881 1500 1952 clandes-

425 1993 503 2060 tinis
517 1990 758 2078 molitionibus,
776 1989 819 2059 ad
839 1993 1061 2087 principatum
1080 1993 1219 2060 Graeciae
1233 1991 1500 2085 capessendum,

427 2099 591 2185 nutriret,
609 2099 643 2166 in
655 2099 816 2168 concione
830 2097 929 2168 dixit:
948 2128 966 2164 a
980 2098 1105 2168 habere
1119 2124 1153 2168 se
1167 2123 1238 2166 rem
1256 2095 1499 2166 deliberatione

428 2229 486 2274 sua
504 2209 694 2300 provisam,
709 2207 851 2300 quamsi
868 2205 1002 2274 fortuna
1016 2204 1059 2274 ad
1072 2205 1230 2290 effectum
1244 2203 1385 2300 perduci
1401 2229 1499 2300 passa
1587 2255 1588 2276 i

428 2328 530 2398 esset,
545 2311 627 2380 nihil
648 2313 771 2406 majus,
792 2327 850 2381 aut
871 2314 1039 2408 potentius
1058 2312 1241 2382 atheniensi
1258 2309 1387 2407 populo
1408 2311 1497 2380 futu·
1587 2309 1588 2382 l

428 2443 526 2505 rum,
548 2417 605 2488 sed
631 2443 704 2488 cam
725 2417 856 2514 vulgari
875 2443 944 2488 non
967 2434 1123 2513 oportere
1144 2446 1151 2486 :
1174 2417 1438 2514 postulavitque,
1458 2431 1496 2483 ut

428 2523 545 2618 aliquis
565 2525 645 2612 sibi,
665 2527 720 2593 cui
740 2523 830 2594 illam
847 2527 948 2595 tacite
968 2541 1166 2621 exponeret,
1185 2525 1332 2594 daremr.
1351 2555 1368 2590 n
1387 2526 1495 2592 Datus

428 2645 478 2698 est
496 2629 656 2700 Aristides
673 2657 680 2698 :
697 2633 725 2700 is
743 2647 920 2726 postquam
942 2635 1117 2727 cognovit,
1135 2631 1273 2701 classem
1295 2628 1404 2699 illum'
1421 2633 1492 2698 La-

429 2735 724 2828 ccdaemoniorum,
743 2763 816 2833 quae
834 2753 905 2810 tota
922 2739 1010 2835 apud
1027 2741 1207 2834 Gythaeum
1226 2737 1382 2808 subducta
1396 2749 1487 2820 erat,

428 2841 514 2914 velle
531 2845 725 2933 incendere,
742 2861 798 2934 ut,
813 2869 853 2916 ea
874 2861 1071 2942 consumpta
1081 2901 1090 2935 ,
1101 2848 1283 2916 dominatio
1303 2845 1394 2915 maris
1409 2843 1488 2938 ipsis

430 2951 562 3020 cederet
575 2979 584 3038 ;
601 2955 762 3048 processit
776 2953 818 3023 ad
833 2955 938 3044 cives,
954 2970 987 3024 et
1003 2941 1146 3044 retulit⁴,
1165 2953 1436 3037 Themistoclem,
1456 2965 1494 3018 ut

431 3061 513 3128 mile
528 3063 705 3130 consilium
713 3116 724 3148 ,
741 3069 794 3130 ita
811 3067 946 3132 mmtme
954 3061 1088 3154 justum
1104 3068 1221 3131 animo
1236 3063 1379 3130 volvere.
1397 3059 1426 3126 E
1440 3082 1493 3126 ve·

431 3167 527 3262 stigio
546 3169 699 3236 universa
716 3170 834 3238 concio
847 3169 938 3264 quod
953 3193 1084 3264 aequum
1098 3193 1168 3238 non
1181 3168 1371 3256 videretur,
1384 3189 1428 3233 ne
1442 3190 1493 3234 ex-

430 3271 543 3366 pedire
557 3273 691 3368 quidem
708 3273 944 3369 proclamavit,
957 3300 997 3346 ac
1011 3277 1165 3370 protinus
1177 3271 1435 3345 Themistoclem
1448 3274 1492 3340 in-

429 3394 528 3473 cepto
542 3379 699 3450 desistere
710 3381 817 3474 jussit.

434 3616 472 3628 —
483 3583 629 3637 Ger-endum.
643 3585 683 3637 De
699 3602 762 3656 agro
775 3583 941 3650 Achillitide,
985 3586 1057 3638 enim
1066 3597 1150 3637 totam
1159 3585 1266 3638 classem
1275 3583 1314 3636 ihi
1325 3583 1492 3644 subductam,

433 3676 464 3716 ut
478 3665 560 3717 refert
571 3663 648 3735 Diog.
663 3665 751 3718 Laert.
765 3663 844 3717 Hunc
858 3684 873 3717 a
887 3665 941 3718 Mi·
985 3663 1210 3737 dicat,nonopus
1222 3677 1278 3717 erat
1287 3661 1350 3716 addi
1360 3665 1434 3726 illan,
1443 3682 1491 3734 quo

432 3745 551 3815 tylenaeis
561 3743 687 3796 traditum
699 3763 791 3816 agrum
805 3763 942 3799 consecra·
985 3745 1146 3818 pronomine
1158 3745 1191 3798 ab
1205 3745 1254 3798 alia
1265 3745 1346 3797 classe
1362 3744 1425 3796 alibi
1439 3745 1492 3796 suh-

432 3825 471 3878 vit
481 3837 573 3896 postea
589 3823 719 3890 Pittacus,
732 3823 802 3878 unde
815 3825 942 3879 Pittacius
986 3823 1066 3878 ducta
1081 3825 1297 3896 distingueretur.
1306 3855 1347 3866 --
1360 3823 1489 3897 Gytlroem.

432 3917 471 3957 est
483 3901 579 3957 dictus.
985 3905 1049 3957 Fuit
1062 3905 1193 3978 oppidum
1207 3905 1345 3958 Laconica
1357 3903 1434 3956 XXX
1444 3915 1489 3954 sta-

476 4003 501 4037 r.
519 3985 696 4038 Themistocles.
705 3983 848 4039 Vidl’lut.
859 3985 887 4038 in
895 3987 942 4040 rit.
988 3984 1032 4038 dia
1049 3987 1081 4038 ab
1094 3987 1161 4039 urbe
1176 3984 1276 4039 distans
1292 4003 1299 4038 :
1316 3985 1363 4037 ubi
1377 3981 1489 4036 Lacedae·

432 4063 489 4116 Cic.
505 4063 560 4116 ott.
575 4065 632 4130 111,
651 4083 691 4118 rr.
987 4067 1141 4120 moniornm
1166 4067 1259 4119 navale
1285 4077 1350 4119 erat.
1378 4063 1488 4118 suurn

472 4163 496 4195 a.
525 4143 606 4196 Illum.
628 4143 744 4210 Quidam
764 4145 840 4199 MSS.
861 4147 944 4214 illam,
988 4145 1488 4220 idem,quodinterrarn‚etinsiccum

432 4223 504 4294 quod
518 4236 588 4277 recte
602 4223 753 4278 emendavit
766 4227 843 4296 Pigh.
852 4227 943 4290 Quum
989 4225 1076 4280 ducta.
1088 4227 1130 4280 Sic
1140 4229 1216 4298 Virg.
1232 4229 1292 4280 AEn.
1303 4227 1315 4277 Ι
1322 4265 1330 4292 ,
1341 4225 1391 4278 551
1403 4243 1409 4276 ε
1420 4225 1489 4294 Quas·
