3190 5122
233 519 235 524 ’
292 531 400 602 car.
428 531 462 619 1,
490 529 560 598 nn
588 527 790 598 numan.
819 529 883 596 nr
910 529 1065 599 caan.
1136 529 1211 618 343
1298 571 1300 574 -

144 666 202 736 sed
220 679 346 735 naturae
358 665 564 756 fortunaeque
577 661 714 746 cedens,
726 685 928 756 quamquam
939 660 1093 732 violentia
1104 665 1213 736 morbi
1312 664 1315 670 ’

145 772 368 857 dilabebatur,
383 773 417 839 in
432 771 580 841 cubitum
596 783 709 838 tamen
724 783 868 856 erectus,
881 769 1032 838 dextram
1043 772 1214 860 omnibus,

145 882 201 973 qui
223 903 296 948 eam
316 879 508 972 contingere
525 874 664 963 vellent,
688 873 864 969 porrexit¹.
889 875 973 965 Quis
993 891 1103 947 autem
1123 877 1212 946 illam

145 985 287 1055 osculari
313 1011 380 1054 non
399 980 584 1070 curreret²,
605 1007 679 1077 quae
700 983 769 1076 jam
793 981 862 1051 fato
884 1007 1058 1076 oppressa,
1078 985 1213 1053 maximi

146 1095 308 1161 exercitus
323 1091 526 1186 complexui,
544 1089 766 1177 humanitate,
784 1114 883 1183 quam
899 1090 1035 1184 spiritu,
1053 1091 1213 1161 viridiore

147 1197 300 1268 suffecit?

203 1331 235 1374 a.
261 1306 339 1375 Non
366 1320 434 1374 tarn
461 1306 589 1375 robusti
613 1307 741 1400 generis
761 1303 967 1394 humanitas,
996 1303 1053 1373 sed
1084 1319 1117 1372 et
1144 1307 1215 1399 ipsa

147 1426 257 1480 tamen
280 1415 441 1480 memoria
461 1411 691 1506 prosequenda
709 1411 869 1499 Pisistrati
892 1410 1141 1480 Atheniensium
1159 1425 1213 1505 ty-

145 1520 241 1586 ranni
263 1520 477 1588 narrabitur:
504 1520 576 1612 qui,
601 1543 704 1610 quum
723 1514 913 1586 adolescens
939 1517 1073 1611 quidam
1102 1541 1215 1586 amore

145 1624 221 1694 tiliae
232 1625 302 1718 ejus
317 1626 451 1719 virginis
465 1647 640 1708 accensus,
657 1625 691 1691 in
703 1608 857 1717 publico³
874 1623 1005 1692 obviarn
1018 1623 1079 1692 sibi
1093 1623 1215 1692 factam

146 1730 315 1801 osculatus
332 1719 434 1816 esset,
453 1730 607 1798 hortante
626 1753 744 1814 uxore,
760 1744 800 1798 ut
810 1729 857 1796 ab
871 1753 912 1798 eo
927 1731 1079 1825 capitale
1092 1732 1217 1826 suppli·

145 1843 234 1908 ciam
252 1851 413 1922 sumeret,
438 1836 627 1930 respondit:
648 1838 779 1921 Sicos,
802 1840 942 1929 quinos
957 1851 1094 1922 amant,
1113 1842 1215 1904 mter·

132 1928 311 2032 ficunusl,
331 1942 418 2035 qaid
426 1942 673 2034 insaniemus,
691 1941 813 2035 quibus
827 1941 906 2012 oda'o
919 1943 1060 2011 sumus?
1076 1943 1215 2012 Minime

147 2049 249 2143 digna
262 2073 343 2134 vox,
360 2049 414 2118 cui
430 2048 615 2141 adjiciatur,
637 2071 709 2116 eam
727 2073 767 2116 ex
781 2047 912 2141 tyranni
926 2073 985 2118 ore
998 2035 1174 2118 manasse⁵.

202 2157 242 2224 In
263 2154 352 2223 hunc
379 2154 516 2222 modum
534 2153 608 2223 liliae
629 2155 783 2246 injuriam
800 2153 893 2239 tulit,
912 2179 1004 2223 suain
1021 2153 1126 2224 multo
1147 2153 1216 2225 lau·

148 2260 306 2332 debilius:
327 2261 544 2356 aThrasippo
561 2245 689 2328 amico⁶
711 2260 796 2328 inter
814 2285 942 2330 coenam
960 2261 1029 2330 sine
1049 2261 1115 2330 fine
1134 2287 1217 2332 con-

149 2369 235 2436 vicio
254 2366 432 2455 laceratus,
453 2369 499 2435 ita
517 2381 551 2436 et
567 2367 715 2434 animum
735 2381 768 2434 et
785 2391 902 2436 vocem
920 2367 963 2436 ab
983 2369 1031 2436 ira
1049 2369 1216 2457 cohibuit,

148 2488 187 2544 ut
214 2489 346 2568 putares
371 2471 541 2542 satellitem
568 2497 588 2541 a
609 2487 750 2568 tyranno
775 2472 861 2543 male
882 2473 1013 2563 audire3
1040 2475 1217 2545 abeuntem

148 2605 299 2674 quoque,
322 2582 445 2650 veritus
466 2605 508 2648 ne
525 2593 662 2675 propter
679 2594 805 2653 metum
827 2581 988 2650 maturius
1008 2605 1043 2651 se
1061 2584 1216 2653 convivio

150 2687 372 2772 subtraheret,
393 2687 587 2757 invitatione
608 2685 757 2757 familiari
779 2688 880 2782 coepit
899 2687 1050 2776 retinere.
1067 2689 1219 2786 Thrasip-

194 2899 219 2933 1.
241 2881 358 2932 Danum
370 2919 416 2934 .....
425 2883 542 2950 porrexit.
558 2877 659 2933 Hausto
743 2885 771 2942 4.
792 2876 957 2947 interficimac.
975 2879 1044 2931 Octo
1063 2879 1137 2932 Mss.
1154 2899 1216 2934 cum

151 2960 223 3013 enirn
246 2978 348 3014 veneno
372 2958 543 3026 Alexander,
569 2959 658 3012 subito
702 2956 779 3010 editt.
807 2971 868 3010 ente
896 2958 1020 3029 Pighium
1043 2958 1215 3029 interficiemus.

150 3039 246 3092 dolore
259 3051 296 3090 est
309 3041 542 3111 perfusus.1taque
553 3039 617 3092 abiit
630 3040 659 3091 in
702 3038 789 3090 Periz.
804 3039 942 3092 occidemus.
962 3036 1031 3092 Cod.
1045 3037 1119 3092 Med.
1134 3040 1214 3111 prim.

151 3119 322 3182 cubiculum,
339 3120 494 3172 universum
515 3119 660 3173 exercitum
703 3118 872 3172 occideremus.

151 3195 187 3250 ad
194 3215 221 3249 se
227 3198 301 3266 jussit
309 3198 387 3249 acciri
394 3197 660 3268 steingnlisdextram
750 3197 775 3250 5.
797 3198 862 3250 Eam
960 3217 1077 3251 mamere.
1094 3197 1145 3251 Sed
1158 3217 1220 3252 sane

151 3277 279 3349 porrexit.
295 3275 376 3342 Quod
391 3277 465 3330 triste
482 3280 661 3349 spectaculum
705 3277 841 3330 lenissimo
856 3279 929 3330 vocis
944 3297 1031 3331 sensu.
1055 3279 1124 3330 Nam
1146 3297 1219 3349 egre·

151 3357 230 3409 nobis
244 3355 365 3428 depingit
379 3357 454 3409 Curt.
469 3357 516 3409 lib.
529 3359 570 3424 X,
582 3377 605 3411 c.
623 3357 649 3410 5.
706 3358 755 3428 giis
771 3357 873 3410 meritis
887 3359 981 3429 populi
997 3358 1087 3411 favore
1108 3357 1220 3430 dignum

196 3455 221 3488 a.
234 3437 323 3502 Quis...
334 3448 445 3488 curreret.
456 3437 478 3487 1.
493 3435 598 3506 e.,quis
607 3455 662 3489 non
705 3455 732 3489 se
745 3435 872 3491 reddidit.
890 3436 982 3490 Simile
994 3437 1144 3509 exemplum
1162 3436 1218 3491 vid.

152 3515 288 3569 festinaret
301 3514 335 3567 ad
347 3514 517 3568 osculandam
528 3513 662 3584 dextram,
706 3516 734 3568 in
746 3517 853 3582 Seneca,
868 3515 903 3570 de
913 3519 972 3584 Ira,
982 3517 1033 3582 111,
1046 3535 1069 3570 c.
1082 3518 1218 3589 ar.Vulgo

152 3593 538 3664 antequamevitadiscederet
553 3595 663 3648 Alexan·
705 3597 823 3668 legitur:
845 3615 897 3648 eam
919 3617 949 3649 ee
964 3601 1062 3669 tyranni
1077 3597 1159 3648 erede
1174 3599 1219 3649 leu-

152 3674 210 3728 der.
231 3675 330 3727 Passim
347 3675 446 3745 legitur
461 3687 605 3734 emanaret,
620 3696 662 3727 eu·
709 3679 825 3728 munitate
841 3695 957 3728 manasse.
975 3675 1084 3746 Pighius
1105 3677 1220 3730 auctori·

149 3766 233 3825 peret,
252 3755 315 3807 item
328 3766 431 3808 curant.
706 3767 760 3808 tate
771 3755 851 3808 trium
860 3753 938 3808 codd.
948 3769 1083 3829 tamquam
1093 3757 1220 3827 glossema

196 3835 222 3887 3.
250 3835 281 3886 Ia
300 3833 406 3906 publico.
434 3834 525 3900 Quum
548 3833 593 3886 illa
614 3835 664 3888 iret
707 3835 871 3905 superfluum
884 3836 1018 3906 expunxit.

154 3926 289 3985 aquatum.
305 3947 345 3957 -
363 3913 494 3967 Osculana
507 3925 574 3966 esset.
598 3915 665 3967 Cer·
749 3918 776 3968 6.
798 3915 826 3967 A
847 3915 981 3986 Thrasippo
1004 3919 1089 3969 amabo.
1111 3915 1219 3987 Pighius

155 3995 285 4046 tissimum
299 3994 351 4047 hoc
360 3995 481 4047 habitum
493 3991 665 4064 impudicitiae
709 3991 837 4046 dederat:
854 4013 954 4066 namque
977 3997 1072 4057 amicof
1092 3994 1137 4050 sed
1151 3995 1219 4049 Tor·

154 4073 257 4142 signum
266 4073 336 4144 apud
344 4071 663 4146 compluresgentes.Vid.
708 4091 765 4126 ren.
783 4071 853 4126 istud
868 4093 968 4145 namque
979 4073 1135 4128 auctoritate
1143 4075 1218 4128 MSS.

155 4152 211 4216 v1,
227 4173 257 4219 r,
271 4161 296 4218 4.
309 4152 426 4220 Quidam
438 4173 469 4206 ex
483 4153 573 4206 osculo
589 4151 665 4207 adul·
708 4164 735 4206 et
748 4149 822 4206 editt.
840 4153 924 4225 ejecit.
940 4187 980 4200 -
993 4154 1062 4208 Male
1076 4155 1167 4209 arelate.
1186 4154 1218 4207 hl

157 4232 217 4285 terii
232 4236 360 4306 suspecti,
374 4233 491 4294 damnati
506 4246 577 4287 eunt.
708 4244 758 4298 est,
770 4233 911 4305 objurgari.

953 4303 1033 4384 wi
