3190 5122
268 551 374 622 our.
403 550 470 638 iv,
497 552 563 619 nn
590 551 710 620 rtur.
738 551 793 620 m
820 549 1026 622 cinnor.
1109 553 1178 627 381

131 683 256 780 agenda
276 698 414 752 matrem
436 695 613 768 vexerunt3
637 681 690 768 hi,
716 681 804 775 quod
832 697 959 777 patrem
986 697 1020 752 et
1046 700 1185 754 matrem

131 791 272 859 humeris
292 813 351 884 per
372 789 495 857 medios
513 789 604 882 ignes
623 786 744 856 AEtnae¹
767 802 965 882 portarunt:
989 789 1045 858 sed
1061 795 1184 884 neutris

131 921 191 990 pro
209 897 323 989 spiritu
341 908 515 1012 parentum
537 895 702 987 exspirare
720 896 924 988 propositum
946 893 1015 964 fuit.

184 999 216 1071 5
229 1003 300 1070 Nec
315 1002 533 1094 egoargivam
545 998 692 1067 detrecto
706 997 850 1087 laudem,
865 1013 922 1068 aut
942 1003 1045 1071 aetnaei
1062 1004 1184 1072 montis

131 1105 266 1226 gloriam
287 1105 500 1192 involverim3
521 1127 638 1172 verum
659 1103 839 1172 obscuriori
857 1104 1012 1234 propter³
1032 1107 1182 1200 ignoran-

129 1215 206 1280 tiam
222 1213 336 1306 pietati
347 1213 468 1280 notitiae
480 1209 590 1278 lumen
601 1209 779 1298 admoveo,
793 1211 877 1278 sicut
881 1195 1032 1304 ³Scythis
1046 1209 1184 1282 libenter

129 1319 259 1411 pietatis
280 1319 501 1386 testimonium
527 1311 646 1402 reddo;
671 1302 793 1383 Dario
811 1316 896 1383 enim
920 1317 995 1385 totis
1021 1319 1113 1410 regni
1134 1321 1184 1388 sui

130 1424 275 1491 viribus
267 1449 300 1490 ιιι
312 1448 426 1492 eorum
440 1423 589 1516 regiones
607 1419 768 1488 subinde
759 1433 920 1514 impetum
938 1421 1069 1490 facienti
1076 1447 1183 1518 ,-pau

131 1527 220 1596 latim
241 1529 408 1612 cedentes,
426 1527 468 1594 ad
489 1525 619 1594 ultimas
636 1527 720 1594 Asiae
738 1524 927 1596 solitudines
945 1543 1183 1622 pervenerant:

131 1634 322 1727 interrogati
346 1632 462 1700 deinde
486 1632 527 1698 ab
555 1655 595 1700 eo
625 1655 685 1725 per
710 1630 853 1726 legatos,
884 1661 901 1696 α
914 1657 1012 1734 quern
1039 1632 1185 1727 fugiendi

131 1739 247 1820 linem,
263 1752 321 1806 aut
333 1738 442 1832 quod
434 1739 561 1805 mitium
576 1736 744 1831 pugnandi
759 1737 876 1805 facturi
889 1752 1011 1826 essent,
1021 1767 1038 1802 r
1056 1763 1187 1834 respon·

131 1844 267 1912 derunt:
284 1871 301 1906 α
311 1845 352 1911 Se
364 1867 424 1911 nec
437 1843 535 1912 urbes
550 1841 648 1928 ullas,
660 1867 721 1911 nec
735 1867 832 1938 agros
844 1829 965 1912 cultos⁵
967 1898 977 1932 ,
992 1869 1053 1938 pro
1067 1845 1186 1938 quibus

131 1949 343 2034 dimicarent,
361 1948 498 2034 habere;
512 1963 666 2018 caeterum
684 1973 786 2042 quum
803 1948 845 2017 ad
859 1963 1032 2043 parentum
1050 1974 1185 2020 suorum

132 2069 348 2123 monumenta
372 2055 551 2142 venissent,
575 2055 733 2123 sciturum
762 2054 1038 2148 quemadmodum
1058 2057 1186 2150 Scythae

175 2266 200 2300 1.
222 2246 318 2298 AEtnoe.
334 2247 366 2297 In
379 2243 502 2298 undecim
514 2243 588 2298 MSS.
612 2258 639 2300 et
682 2246 774 2296 trohen
784 2244 925 2316 significet,
939 2264 1018 2318 quarn
1027 2265 1075 2298 non
1084 2259 1187 2302 statuere

132 2325 173 2379 cd.
191 2327 263 2396 Mog.
283 2344 334 2400 nox
349 2323 437 2376 AEtnoe
456 2322 637 2383 desideratam,
682 2325 756 2376 alicu
769 2345 835 2376 suurn
845 2329 961 2394 pretium,
976 2327 1024 2397 qui
1039 2345 1128 2380 sensus
1141 2328 1185 2382 hic

134 2425 162 2460 ac
184 2405 335 2457 verosimile
356 2417 407 2468 est,
430 2422 487 2456 eam
503 2423 517 2456 a
532 2403 639 2456 Valerio
682 2401 854 2457 desideratur.
866 2404 953 2458 Placet
960 2417 1046 2458 tamen
1053 2407 1186 2460 iorolrerr'm

134 2484 251 2538 additam
261 2484 304 2536 hic
314 2503 368 2536 non
378 2483 469 2549 luisse3
484 2483 583 2554 quippe
593 2483 639 2554 qui
681 2482 804 2554 Kappio,
820 2481 885 2536 dum
907 2481 935 2536 id
958 2485 1076 2556 sequenti
1096 2490 1187 2540 notitioe

134 2579 223 2636 postea
244 2564 306 2617 eatis
329 2562 457 2628 declarat,
479 2580 546 2633 quos
567 2563 639 2632 ignes
683 2573 760 2612 tomen
772 2563 884 2616 admoveo
895 2564 996 2634 opponi
1009 2565 1158 2619 arbitretur.

133 2645 275 2714 intelligat,
283 2661 364 2714 quum
378 2641 442 2695 dicit
452 2659 459 2694 ε
471 2642 568 2694 AEmoet
576 2660 641 2692 mon·
723 2641 750 2693 3.
759 2640 836 2694 Sicut.
846 2641 913 2695 cod.
923 2641 1020 2698 Brund.
1031 2648 1079 2705 sic,
1090 2645 1183 2715 Copee.

135 2728 164 2776 tis
175 2724 280 2794 gloriam
289 2719 335 2784 (id
347 2734 385 2775 est
394 2720 601 2792 Amphinomum
613 2731 639 2772 et
681 2723 716 2770 sic
726 2731 768 2781 οη
779 2718 851 2772 unde
866 2720 1019 2774 Perizonius
1031 2723 1137 2792 conjicit
1151 2729 1185 2775 si·

134 2799 274 2874 Anapum)
288 2821 336 2854 noo
350 2801 497 2860 inrolcera'm,
513 2798 639 2871 quemad·
681 2809 722 2850 cut
739 2811 776 2858 et,
793 2797 866 2870 quod
882 2812 908 2851 et
926 2801 1053 2852 Torrenio
1067 2801 1159 2871 placet.

136 2881 245 2934 modum
262 2882 373 2950 Argivos
388 2880 466 2932 tuisse
485 2878 595 2930 Cleobin
614 2889 641 2930 et
726 2877 1186 2946 4.Dorio,etc..lustinus'‚11,5;

134 2961 258 3014 Bitonem
274 2959 388 3022 indicat,
402 2957 507 3010 dicens:
526 2958 577 3010 Nec
596 2975 641 3024 ego
683 2955 762 3008 Oros.
775 2956 817 3021 11,
835 2959 861 3009 8.
876 2986 915 2996 -
932 2957 1006 3008 Totis.
1019 2955 1126 3026 Pighius
1141 2957 1186 3010 de·

135 3043 244 3108 argivam
260 3039 362 3088 detrecto
378 3038 477 3088 Ιαιιᾶειιι.
487 3036 581 3088 Voluit
598 3053 640 3086 er·
682 3032 756 3086 derat
770 3038 852 3098 totius,
866 3046 892 3085 ct
901 3033 955 3086 hee
967 3034 1044 3086 lectio
1053 3035 1081 3086 in
1090 3036 1184 3089 multas

135 3138 170 3188 go
183 3118 302 3169 locorum
316 3118 422 3167 nomina
437 3115 535 3186 inipso
550 3132 641 3165 narra·
683 3111 811 3166 editiones
831 3111 940 3170 uansiit
965 3113 1025 3185 Ipse
1042 3113 1185 3168 Torrenius

136 3199 210 3250 tione
230 3195 407 3266 supprimere,
426 3206 455 3245 ut
471 3193 522 3245 illis
535 3203 641 3246 ornaret
684 3192 712 3243 in
728 3203 828 3244 textum
842 3191 948 3262 recepit
962 3191 1013 3244 Sed
1028 3194 1127 3264 optime
1144 3193 1185 3247 di·

138 3274 319 3328 transitionem
335 3284 494 3343 sequentem.
684 3271 753 3324 citur
769 3275 824 3321 totis
838 3270 936 3323 curdus.
954 3269 1024 3324 Vide
1038 3273 1185 3338 Justinum,

186 3374 212 3406 a.
234 3355 391 3413 [evolverim
411 3369 493 3402 aenam
515 3349 642 3400 obscwmt
683 3349 792 3409 XXVI,
816 3369 850 3414 a,
873 3369 904 3418 ις
923 3351 997 3406 Curt.
1013 3353 1069 3418 111,
1093 3369 1121 3417 1,
1141 3371 1184 3406 ιο.

133 3445 242 3504 propter.
259 3434 291 3484 ln
307 3429 385 3483 codd.
401 3428 475 3482 MSS.
493 3429 588 3499 passim
604 3433 641 3478 ιἰι·
684 3459 724 3472 -
745 3429 859 3498 Regum
881 3429 986 3483 subinde.
1003 3431 1092 3502 Vulgo
1108 3436 1186 3502 regio·

138 3513 265 3570 voluerim,
287 3511 381 3580 passim
401 3511 522 3559 minuerim
539 3507 641 3578 legitur.
685 3508 760 3560 ιιίὐιιι.
769 3509 859 3562 Minus
868 3509 942 3562 bene.
955 3510 1007 3562 Pro
1015 3509 1113 3562 subinde
1123 3529 1188 3564 non·

138 3591 193 3656 Qui
209 3589 282 3662 prius
292 3590 402 3653 habent,
415 3589 541 3638 omittunt
551 3605 642 3651 verum,
684 3589 751 3640 nulli
766 3587 864 3640 habent
875 3590 1079 3642 subitum-Ad
1090 3591 1185 3642 ultimos

139 3683 166 3724 et
176 3668 302 3722 exhibent
313 3669 442 3719 obscuriori
450 3679 527 3718 tamen
536 3677 640 3736 propter,
684 3667 754 3720 Asia
774 3668 920 3720 solitudines.
939 3665 1022 3720 Aldus
1044 3687 1093 3740 pro
1117 3671 1186 3722 Asia

140 3752 196 3815 vel,
211 3749 255 3800 sed
267 3749 396 3800 obscuriori
406 3759 512 3816 propter.
528 3744 643 3798 Videtur
685 3744 803 3798 ediderat
812 3749 872 3815 joni.
890 3747 1042 3799 Periwnius
1066 3749 1138 3800 malit
1154 3749 1188 3800 ad

140 3833 260 3881 minuatim
291 3826 399 3879 omnino
428 3823 642 3896 praeferendum,
685 3825 792 3876 ultricum
799 3827 852 3893 jam
861 3825 1008 3889 solitudinis,
1024 3825 1097 3897 quod
1107 3825 1184 3880 codd.

140 3927 222 3979 quum
234 3909 344 3960 verbum
359 3905 473 3958 involvere
487 3905 540 3956 lere
552 3915 642 3974 postu·
686 3903 786 3973 aliquot
800 3903 907 3956 hubent.

140 3987 175 4039 let
187 3989 236 4040 nbi
248 3985 310 4038 addi
319 3983 424 4056 aliquod
436 3983 642 4048 substantivum
727 3983 753 4034 ⁵.
774 3983 856 4051 Agros
877 3983 959 4035 cultos.
984 3983 1044 4035 Non
1066 3998 1139 4038 eram
1154 3987 1185 4038 iio

141 4079 171 4118 ut
183 4066 302 4137 exemplo
314 4061 472 4136 precedenti
483 4081 489 4116 ε
500 4063 539 4115 lVe
553 4074 575 4113 te
591 4065 642 4134 qur*-
686 4061 740 4132 agri
751 4062 833 4127 'culti;
849 4081 910 4114 nam
931 4063 996 4116 lacte
1014 4075 1040 4115 et
1063 4065 1186 4136 sanguine

141 4146 204 4206 dem,
216 4145 313 4206 Cimon,
326 4145 420 4196 silentio
428 4143 555 4203 trisulcam
563 4142 644 4194 immo
687 4139 1188 4211 equinovictitasael'aruaestVideCur-

142 4225 220 4276 otiam
231 4223 296 4277 illud
306 4225 394 4294 potius
407 4235 496 4293 tegere,
503 4223 581 4288 samec
591 4220 645 4273 sub·
687 4221 766 4287 tium,
778 4221 849 4285 Vll,
864 4223 908 4276 15.
