3184 5132
290 551 391 618 CAP.
420 549 532 633 vlu,
559 551 626 619 DE
652 551 778 618 JURE
804 545 1048 618 TRIUMPH.
1111 545 1201 620 '153

138 682 351 752 referrentur.
368 685 442 751 Hoc
457 683 541 752 intra
556 681 753 752 domesticos
767 683 907 778 parietes
921 677 1069 778 accepto¹
1090 681 1201 776 signo,

140 803 303 884 spartanas
334 791 419 858 acies
446 789 654 860 dimicabunt.
683 788 747 859 Sed
767 787 873 859 aliena
894 789 1097 886 prospexisse
1124 801 1201 856 tan-

139 895 314 964 tummodo
336 898 414 965 satis
433 911 501 984 est,
522 921 598 966 cum
621 897 783 992 propriis,
805 895 974 990 multoque
995 895 1202 965 uberioribus

140 1015 176 1070 ct
197 1000 396 1072 felicioribus
416 1001 572 1098 exemplis
594 1002 726 1098 gloriari
749 1001 853 1072 liceat.

443 1223 479 1310 C
496 1223 534 1308 A
549 1223 582 1308 Ρ
595 1221 690 1310 UT
734 1223 810 1312 VI
826 1224 847 1310 Ι
861 1223 895 1310 Ι.

470 1427 526 1496 oe
535 1425 618 1518 jure
637 1426 882 1523 olimpum.

143 1615 167 1644 ι.
184 1599 257 1661 Leges
268 1599 320 1646 dou
330 1597 359 1645 de
372 1599 499 1661 triumpho.
510 1625 541 1635 -
553 1616 575 1646 2.
587 1601 613 1646 C.
631 1602 716 1647 Lutatii
732 1617 781 1648 cos.
794 1611 818 1648 et
828 1603 858 1660 Q.
872 1600 958 1646 Valerii
969 1609 1035 1661 prat.
1047 1600 1208 1644 altercationes

174 1679 204 1725 de
219 1679 346 1741 triumpho.
360 1705 391 1714 -
401 1680 423 1728 3.
437 1681 480 1726 Cn.
496 1677 591 1726 Fulvius
603 1679 698 1728 Flaccos
716 1681 859 1743 triumphum
877 1687 994 1741 spernens.
1005 1703 1037 1714 -
1051 1685 1073 1732 t.
1085 1679 1114 1736 Q.
1126 1677 1207 1724 Fulvio

174 1768 198 1804 et
213 1759 241 1804 1..
256 1759 350 1820 Opimio
364 1774 406 1805 cnr
417 1769 513 1820 negatus
527 1759 664 1820 triumphus.
677 1785 708 1796 -
721 1761 742 1806 5.
754 1761 803 1807 Cur
815 1760 870 1804 itam
881 1761 908 1803 Ρ.
922 1759 1026 1819 Scipioni
1041 1757 1123 1816 majori
1134 1766 1158 1802 at
1173 1755 1207 1802 ss·

174 1837 294 1884 Marcello.
304 1862 336 1873 —
347 1837 369 1884 6.
381 1837 493 1884 Convivia
503 1837 702 1898 triumphantium.
714 1861 746 1874 -·
758 1851 779 1896 7.
790 1837 837 1894 Qui
849 1852 878 1882 ex
889 1837 951 1882 civili
962 1836 1059 1882 victori·
1069 1851 1116 1881 non
1129 1835 1208 1882 triun-

175 1917 284 1977 pbarunt.

200 2065 401 2162 Disciplina²
414 2068 561 2137 militaris
578 2063 698 2138 acriter
712 2083 857 2156 retenta,
868 2070 1089 2164 principatum
1105 2065 1207 2136 Italiae
1280 2151 1284 2162 .

147 2199 289 2243 romano
308 2173 446 2268 imperio
467 2177 616 2268 peperit3
638 2175 817 2244 multorum
841 2175 990 2262 urbium,
1010 2193 1206 2268 magnorum

144 2305 281 2376 regum,
294 2277 568 2350 validissimarum
591 2283 737 2376 gentium
759 2283 906 2377 regimen
921 2279 1036 2376 largita
1051 2291 1118 2367 est;
1135 2277 1206 2348 sau-

144 2373 223 2458 ces³
246 2387 370 2482 pontici
404 2389 493 2456 sinus
519 2387 696 2480 patefecit3
718 2387 850 2484 Alpium
879 2372 1064 2480 Taurique⁴
1083 2385 1207 2454 montis

144 2493 306 2564 convulsa
330 2492 472 2562 claustra
501 2491 655 2579 tradidit,
675 2507 849 2587 ortumque
870 2519 889 2562 e
913 2491 1051 2588 parvula
1072 2489 1206 2562 Romuli

144 2623 222 2672 casa
252 2601 352 2669 totius
374 2613 536 2668 terrarum
555 2595 644 2666 orbis
669 2598 744 2668 fecit
762 2598 923 2669 columen.
942 2601 993 2668 Ex
1015 2597 1109 2694 cujus
1134 2600 1206 2666 sinu

147 2707 306 2802 quoniam
315 2728 429 2774 omnes
441 2687 984 2799 triumphi⁵mauarunt‚sequitur‚
995 2719 1033 2772 ut
1041 2703 1083 2772 de
1095 2705 1207 2772 triiuu·

147 2811 272 2908 phandi
282 2813 356 2906 jure
373 2810 483 2879 dicere
504 2811 668 2904 incipiam.

192 3011 426 3084 micceptosiguo.
443 3007 544 3076 idest,
560 3021 656 3063 tessera
741 3015 768 3074 4.
794 3009 921 3081 Taurique.
947 3007 1053 3062 Taurus
1076 3021 1116 3060 est
1141 3007 1209 3060 Asia

147 3095 205 3147 sive
227 3093 295 3164 signi
312 3092 437 3156 monitu,
458 3089 518 3143 loco
539 3103 655 3162 accepto.
700 3109 777 3142 mons
791 3089 844 3142 lere
855 3089 993 3152 maximus,
1005 3087 1053 3158 qui
1067 3087 1100 3140 ab
1113 3084 1208 3140 Iudico

191 3191 218 3226 a.
239 3171 382 3242 Disciplina.
402 3171 434 3224 ln
457 3169 581 3224 omnibus
603 3169 658 3222 fere
700 3168 768 3222 mari
785 3187 942 3240 exsurgens,
961 3167 1060 3221 vertice
1078 3165 1131 3219 alto
1155 3166 1207 3220 tol-

146 3251 227 3306 MSS.
244 3263 271 3304 et
287 3249 347 3304 edd.
366 3264 426 3304 ante
442 3247 565 3321 Pighium
579 3250 658 3320 hujus
700 3247 766 3302 litur
787 3245 872 3300 :dein
889 3245 981 3300 dextro
998 3247 1080 3300 latere
1098 3243 1132 3298 ad
1149 3265 1208 3318 sep·

147 3331 350 3402 capitisproel'at.
358 3331 471 3383 refertur
481 3328 515 3382 sd
523 3329 569 3382 iin.
578 3329 657 3400 capit.
701 3323 1209 3392 temtrionem‚sinistromeridicmvcr·

146 3409 291 3480 sequentis.
303 3442 343 3452 —
357 3409 496 3462 Multarum.
511 3409 600 3480 Vulgo
614 3427 621 3460 :
635 3419 661 3460 et
701 3427 745 3461 sus
758 3405 891 3479 procedit,
905 3408 933 3460 in
946 3405 1110 3462 occidentem
1122 3418 1210 3458 rectus

148 3491 286 3542 meritarum.
314 3487 365 3541 Sed
391 3490 419 3540 in
438 3487 561 3541 omnibus
583 3487 658 3540 MSS.
701 3499 728 3540 et
750 3499 879 3560 perpetuo
902 3489 965 3560 jugo
986 3507 993 3541 :
1014 3487 1210 3557 multarumque

146 3567 658 3640 Torren.aliisquecopulabeneomissa.
701 3567 832 3640 gentium,
849 3585 901 3639 qua
913 3565 1021 3620 dorsum
1036 3567 1103 3638 agit,
1119 3565 1209 3618 termi-

194 3651 219 3703 3.
244 3647 346 3703 Fauces.
368 3647 480 3702 Lucullo
498 3641 659 3720 imperante,
702 3645 826 3700 uus:sed
835 3666 885 3720 pro
894 3647 1012 3718 gentium
1022 3665 1052 3699 ac
1060 3645 1210 3718 linguarum

148 3727 185 3781 de
198 3745 252 3800 quo
269 3727 363 3782 Cicero
375 3747 425 3800 pro
445 3727 549 3780 Archia.
565 3727 659 3780 Fauces
702 3727 827 3782 varietate
843 3724 945 3778 diversa
960 3725 1040 3779 hebet
1052 3727 1168 3778 nomina.

149 3821 213 3860 sunt
229 3807 273 3860 hic
290 3808 421 3880 bosporus
437 3807 590 3860 Thracicus.
606 3805 659 3860 Ne·
744 3807 769 3861 5.
790 3806 921 3878 Triumphi.
939 3805 978 3860 De
991 3800 1127 3877 triumpho
1142 3807 1210 3876 ejus·

149 3907 204 3960 que
219 3887 299 3940 maris
318 3889 387 3941 inter
402 3899 484 3941 terras
499 3885 599 3953 solum,
613 3885 660 3942 sed
702 3906 754 3959 que
769 3886 908 3959 magnifico
923 3886 977 3939 ritu
992 3885 1051 3940 satis
1064 3898 1165 3940 constat
1178 3902 1210 3936 ex

149 3979 177 4020 et
193 3980 322 4021 terrarum
338 3967 407 4020 inter
417 3968 512 4032 moria,
524 3975 570 4018 aut
582 3985 658 4019 mon·
703 3967 784 4040 antiq.
800 3965 988 4040 scriptoribus3
1006 3961 1052 4020 sed
1065 3985 1120 4018 non
1135 3963 1210 4028 satis,

150 4059 206 4112 tes,
222 4047 362 4120 angustiis,
376 4048 462 4101 lauces
479 4047 659 4120 appellantur,
702 4047 823 4121 qnisnmn
838 4045 939 4118 primus
954 4045 1124 4118 triumpharit
1140 4064 1147 4097 :
1165 4043 1209 4097 alii

150 4128 264 4199 exempli
279 4127 374 4199 gratia,
384 4127 585 4201 Thermopylae,
594 4127 659 4183 istlr·
702 4128 773 4182 enim
780 4125 955 4199 Tarquinium
964 4125 1099 4190 Priscum,
1110 4123 1212 4178 aliiVa·

151 4225 212 4260 mus
225 4207 387 4273 corinthius,
403 4221 452 4262 eto.
702 4208 797 4260 terium
811 4205 929 4272 Public..
949 4205 994 4259 alii
1008 4205 1147 4262 Camillum
1161 4223 1209 4255 no·
