3218 5128
347 479 458 548 can
485 475 560 564 v1,
592 475 660 546 nn
696 477 994 546 rnon1c11s.
1153 483 1201 577 lt

137 612 228 682 enim
237 631 337 704 quum
352 609 387 676 in
400 604 559 676 Lucanis¹
569 605 930 702 sacrificasset,angues
941 607 1008 676 duo
1022 632 1063 676 ex
1073 609 1205 682 occulto

139 715 303 813 prolapsi,
318 727 454 810 repente
469 713 604 802 hostiae,
623 736 722 808 quam
740 711 990 800 immolaverat,
1008 713 1107 784 adeso
1121 716 1203 808 jeci·

141 847 242 910 nore,
263 822 297 890 in
318 819 448 890 easdem
470 817 610 888 latebras
628 843 663 888 se
681 817 874 890 retulerunt
890 819 945 888 Ob
963 818 997 888 id
1015 819 1132 890 deinde
1151 822 1203 892 la-

141 943 231 998 ctum
259 928 441 998 instaurato
464 924 646 1014 sacrificio,
669 923 755 994 idem
780 924 921 1022 prodigii
949 927 1067 995 evenit
1091 929 1205 998 Tertia

141 1058 272 1128 quoque
290 1057 374 1103 caesa
394 1033 546 1119 victima,
567 1029 817 1126 diligentiusque
832 1033 1005 1101 asservatis
1026 1033 1130 1121 extis,
1152 1059 1205 1103 ne·

140 1165 204 1234 que
226 1138 369 1235 allapsus
390 1153 579 1234 serpentum
597 1138 721 1226 arceri,
741 1161 848 1232 neque
866 1137 945 1232 luga
965 1137 1116 1234 impediri
1139 1165 1204 1234 po·

140 1248 213 1314 tuit.
239 1245 344 1337 Quod
368 1247 517 1340 quamvis
545 1245 710 1338 aruspices
739 1243 958 1313 adsalutem
983 1249 1205 1340 Imperatoris

138 1357 310 1447 pertinere
322 1351 495 1436 dixissent,
514 1349 687 1420 Gracchus
698 1363 810 1418 tamen
825 1375 892 1419 non
906 1352 1013 1437 cavit,
1027 1375 1070 1419 ne
1086 1351 1204 1445 perfidi

145 1459 280 1553 hospitis
295 1459 345 1527 sui
359 1455 460 1526 Flavii
474 1455 596 1526 insidiis
615 1456 649 1524 in
667 1479 743 1525 eum
763 1454 873 1525 locum
891 1453 1070 1544 deductus,
1088 1459 1121 1525 in
1138 1483 1205 1552 quo

145 1566 323 1633 Poenorum
344 1563 411 1632 dux
426 1564 528 1658 Mago
550 1585 626 1632 cum
644 1575 770 1631 armata
785 1585 886 1631 manu
905 1561 1095 1650 delituerat,
1115 1565 1204 1632 iuer-

147 1671 208 1739 mis
229 1668 443 1740 occideretur.

199 1799 233 1870 9.
258 1779 301 1844 Et
320 1773 509 1846 consulatus
528 1773 722 1868 collegium,
738 1789 772 1843 et
786 1776 907 1843 erroris
929 1777 1083 1860 societas,
1099 1791 1133 1844 et
1147 1800 1208 1872 par

147 1905 251 1976 genus
271 1883 402 1969 mortis,
423 1905 443 1948 a
457 1881 508 1947 Ti.
524 1880 678 1949 Graccho
691 1878 734 1946 ad
750 1876 918 1948 Marcelli²
941 1883 1135 1950 memoriam
1155 1908 1210 1950 me

146 1987 259 2055 trahit.
273 1989 309 2053 Is
331 1999 502 2080 captarum
523 1987 777 2078 Syracusarum,
793 1999 825 2053 et
845 1985 1036 2054 Hannibalis
1051 2001 1127 2054 ante
1140 1989 1208 2056 No·

150 2091 226 2160 lana
240 2092 392 2158 moeniae
415 2115 449 2160 se
467 2091 610 2184 primum
630 2089 743 2184 lugere
760 2091 884 2178 eoacti,
905 2089 1009 2185 gloria
1023 2091 1209 2162 inflamma-

150 2211 221 2284 tus,
230 2221 333 2292 quum
345 2221 475 2265 summo
486 2195 594 2264 studio
608 2196 781 2282 niteretur,
793 2211 830 2265 ut
840 2199 1016 2266 Poenorum
1030 2200 1211 2268 exercitum

149 2317 208 2372 aut
224 2305 258 2370 in
281 2301 377 2372 Italia
398 2315 636 2398 prosterneret,
651 2316 708 2370 aut
725 2300 819 2370 Italia
838 2301 992 2397 pelleret,
1007 2302 1211 2399 sollennique

149 2409 312 2479 sacrificio
330 2407 515 2478 voluntates
536 2405 674 2477 deorum
695 2406 898 2528 erploraret;
923 2433 996 2528 que
1020 2411 1128 2504 prima
1150 2411 1210 2480 ho·

149 2501 231 2585 ειίι3
244 2530 321 2584 ante
334 2513 480 2585 foculum
493 2513 613 2584 decidit
621 2514 714 2608 ,ejus
724 2515 819 2608 jecur
836 2515 904 2583 sine
918 2515 1025 2611 capite
1040 2517 1210 2586 inventum

194 2711 339 2764 neumis.
348 2709 448 2762 Lucani
455 2706 562 2762 finitimi
573 2723 657 2778 quou-
699 2723 754 2758 uon
770 2705 890 2760 frivolam
905 2725 935 2761 ac
951 2709 1156 2780 superstitiosam
1172 2728 1210 2762 es·

152 2787 213 2842 dero
221 2788 485 2852 Picentinis,Brutiis
497 2787 657 2858 Apuliaque,
701 2805 727 2839 se
741 2786 890 2858 intelligat?
904 2787 1034 2840 Ceterum
1050 2801 1076 2841 et
1089 2789 1210 2860 Antiqui,

154 2888 170 2922 a
182 2869 343 2922 Samnitibus
357 2868 485 2940 originem
497 2867 603 2920 traxisse
617 2865 657 2918 vi·
700 2883 783 2936 quum
796 2885 838 2920 res
849 2885 922 2920 saon
935 2885 989 2920 non
1003 2885 1034 2920 ex
1045 2880 1109 2920 voto
1123 2869 1212 2921 esem·

153 2947 264 3015 dentur,
276 2949 324 3018 qui
337 2947 451 3016 expulsis
466 2945 603 2998 OEuotriis
617 2963 660 2998 eo·
701 2958 758 3008 ret,
772 2945 867 3018 sepius
883 2963 955 3012 utu,
968 2944 1103 3000 interdum
1116 2959 1142 2999 et
1157 2947 1209 3000 alio

154 3046 214 3080 rum
227 3046 318 3098 agnum
334 3027 476 3080 incoluere.
490 3023 561 3078 Vide
573 3023 662 3096 Virgi·
702 3025 775 3087 loco,
785 3024 923 3078 iterabant.
935 3056 975 3068 -
985 3028 1034 3078 Διι.
1048 3025 1130 3078 Urbis
1144 3027 1208 3090 541.

82 3132 91 3156 s
153 3104 333 3170 liumAEueid.
340 3107 387 3158 lib.
398 3107 426 3170 l,
437 3124 462 3158 v.
473 3105 659 3158 ssu-Duo.
703 3104 808 3167 Livius,
823 3104 916 3169 XXV,
935 3107 979 3158 16.

153 3177 307 3238 hedonem
325 3182 473 3239 duoeeodd.
488 3183 584 3236 brand.
600 3201 662 3254 pro-
746 3203 771 3236 a.
796 3182 916 3236 Marcelli.
940 3183 990 3238 liic
1010 3184 1112 3256 primus
1134 3184 1211 3244 fuit,

155 3266 204 3317 bat
216 3264 335 3334 Lipsius,
351 3265 397 3334 qui
410 3281 491 3334 genus
505 3263 662 3316 femininum
704 3261 750 3334 qui
768 3259 802 3314 ad
824 3263 922 3316 Nolam
942 3263 1118 3317 Hannibalem
1140 3264 1212 3317 vinci

156 3345 187 3396 iu
204 3341 252 3394 bac
269 3360 332 3394 voce
350 3345 429 3412 magis
449 3343 530 3394 amari
547 3344 593 3396 ait.
606 3343 663 3394 Au·
704 3359 781 3414 posse
803 3340 903 3396 docuit.
925 3341 998 3396 ldero
1024 3355 1087 3414 post
1115 3344 1215 3396 Romu·

156 3439 237 3493 gures
253 3438 330 3472 omen
347 3421 383 3474 sie
402 3422 488 3474 lorsau
505 3435 567 3474 suut
580 3423 662 3474 iuter·
705 3421 760 3474 lum
779 3433 806 3474 et
823 3423 935 3476 Comum
954 3423 1005 3476 fuit
1024 3423 1116 3474 tertius
1127 3421 1212 3492 ,qui,

156 3500 273 3574 pretati:
286 3500 390 3570 anguis,
403 3499 541 3554 subdolum
554 3501 664 3567 animal,
706 3519 772 3554 caeso
792 3499 991 3566 Viridomaro,
1013 3501 1102 3571 opima
1130 3501 1214 3571 spolia

156 3578 308 3650 significare
320 3591 434 3649 poterat,
447 3569 533 3633 hos'tes
545 3581 601 3632 lore
614 3581 665 3632 eal·
706 3580 767 3632 Jovi
781 3579 898 3633 Feretrio
913 3579 1082 3634 consecravit.

157 3655 240 3713 lidos·
233 3656 444 3730 ,jecuradesum
450 3671 665 3730 tamquammem
749 3659 775 3712 3.
792 3661 912 3712 Hostiam
925 3659 1044 3712 Hostiam
1059 3657 1212 3724 cedebant,

158 3739 238 3792 baum
253 3737 348 3804 vitale,
360 3749 471 3790 mortens
486 3757 587 3808 procos.
601 3756 666 3808 prae-
709 3749 847 3810 autequam
860 3737 893 3792 ad
907 3739 995 3792 hostes
1010 3737 1094 3810 prolis
1087 3737 1213 3794 isceban·

158 3815 263 3882 dicere;
282 3815 355 3889 quod
369 3818 398 3870 iu
412 3816 522 3870 latebras
536 3836 564 3870 se
576 3829 668 3870 coutu-
710 3831 771 3880 tur;
785 3823 923 3878 victimare,
936 3829 997 3887 post
1011 3829 1115 3889 partam
1133 3821 1214 3874 victo·

157 3897 239 3951 leriut
261 3915 372 3968 angues,
389 3895 530 3966 indigitare
549 3908 666 3967 poterat,
710 3898 908 3951 riam-Ante
914 3897 1035 3966 seculum,
1046 3898 1091 3951 ubi
1101 3917 1214 3954 asserva·

161 3976 219 4030 lore
232 3989 262 4029 ut
277 3977 305 4028 in
319 3973 422 4030 insidiis
434 3976 522 4028 hostes
537 3973 670 4029 delitesce·
711 3977 788 4029 batur
805 3977 873 4047 iguis
886 3974 920 4029 ad
935 3977 1055 4030 sacrificii
1076 3997 1161 4032 mum.
1179 4013 1206 4022 -

161 4069 233 4110 reat.
253 4053 305 4108 sed
322 4056 381 4127 quis
403 4069 458 4121 est,
477 4055 522 4126 qui
539 4053 668 4127 ejusmodi
712 4056 817 4110 Decidit.
844 4054 988 4111 Duodecim
1009 4057 1085 4112 MSS.
1106 4059 1213 4126 cecidit,

162 4153 253 4190 aerum
283 4133 441 4190 naturalium
470 4135 668 4207 explicationem
712 4134 783 4207 quod
802 4136 920 4192 Perizou.
937 4138 1052 4229 prefert.
