<?xml version="1.0" encoding="UTF-8"?>
<!DOCTYPE html PUBLIC "-//W3C//DTD XHTML 1.0 Transitional//EN"
    "http://www.w3.org/TR/xhtml1/DTD/xhtml1-transitional.dtd">
<html xmlns="http://www.w3.org/1999/xhtml" xml:lang="en" lang="en">
 <head>
  <title>
</title>
<meta http-equiv="Content-Type" content="text/html;charset=utf-8" />
  <meta name='ocr-system' content='tesseract 3.04.00' />
  <meta name='ocr-capabilities' content='ocr_page ocr_carea ocr_par ocr_line ocrx_word'/>
</head>
<body>
  <div class='ocr_page' id='page_1' title='image "./valeriusmaximus01lykogoog_0160.png"; bbox 0 0 3184 5132; ppageno 0'>
   <div class='ocr_carea' id='block_1_1' title="bbox 292 433 1226 520">
    <p class='ocr_par' dir='ltr' id='par_1_1' title="bbox 292 433 1226 520">
     <span class='ocr_line' id='line_1_1' title="bbox 292 433 1226 520; baseline 0.004 -18"><span class='ocrx_word' id='word_1_1' title='bbox 292 435 395 502; x_wconf 81' lang='lat' dir='ltr'><strong>CAP.</strong></span> <span class='ocrx_word' id='word_1_2' title='bbox 425 437 499 520; x_wconf 90' lang='lat' dir='ltr'><strong>vl,</strong></span> <span class='ocrx_word' id='word_1_3' title='bbox 526 436 597 504; x_wconf 86' lang='lat' dir='ltr'><strong>DE</strong></span> <span class='ocrx_word' id='word_1_4' title='bbox 630 435 853 504; x_wconf 86' lang='lat' dir='ltr'><strong>EXTERN.</strong></span> <span class='ocrx_word' id='word_1_5' title='bbox 883 435 1074 502; x_wconf 85' lang='lat' dir='ltr'><strong>INSTIT.</strong></span> <span class='ocrx_word' id='word_1_6' title='bbox 1157 433 1226 506; x_wconf 81' lang='lat'><strong>133</strong></span> 
     </span>
    </p>
   </div>
   <div class='ocr_carea' id='block_1_2' title="bbox 139 563 1328 2576">
    <p class='ocr_par' dir='ltr' id='par_1_2' title="bbox 163 563 1328 982">
     <span class='ocr_line' id='line_1_2' title="bbox 163 563 1328 661; baseline 0.001 -25"><span class='ocrx_word' id='word_1_7' title='bbox 163 567 306 636; x_wconf 75' lang='lat' dir='ltr'><strong>celerem</strong></span> <span class='ocrx_word' id='word_1_8' title='bbox 325 567 383 635; x_wconf 83' lang='lat' dir='ltr'><strong>lati</strong></span> <span class='ocrx_word' id='word_1_9' title='bbox 406 568 493 635; x_wconf 91' lang='lat' dir='ltr'><strong>viam</strong></span> <span class='ocrx_word' id='word_1_10' title='bbox 515 565 660 661; x_wconf 75' lang='lat' dir='ltr'><strong>prabet3</strong></span> <span class='ocrx_word' id='word_1_11' title='bbox 680 579 718 634; x_wconf 93' lang='lat' dir='ltr'><strong>ut</strong></span> <span class='ocrx_word' id='word_1_12' title='bbox 738 563 789 633; x_wconf 87' lang='lat' dir='ltr'><strong>vel</strong></span> <span class='ocrx_word' id='word_1_13' title='bbox 811 563 969 648; x_wconf 90' lang='lat' dir='ltr'><strong>adversa,</strong></span> <span class='ocrx_word' id='word_1_14' title='bbox 996 563 1048 633; x_wconf 90' lang='lat' dir='ltr'><strong>vel</strong></span> <span class='ocrx_word' id='word_1_15' title='bbox 1071 589 1230 661; x_wconf 88' lang='lat' dir='ltr'><strong>prospera</strong></span> <span class='ocrx_word' id='word_1_16' title='bbox 1326 569 1328 574; x_wconf 76' lang='grc'><strong>’</strong></span> 
     </span>
     <span class='ocr_line' id='line_1_3' title="bbox 164 667 1230 766; baseline 0 -24"><span class='ocrx_word' id='word_1_17' title='bbox 164 675 262 742; x_wconf 88' lang='lat' dir='ltr'><strong>nimis</strong></span> <span class='ocrx_word' id='word_1_18' title='bbox 289 697 367 743; x_wconf 89' lang='lat' dir='ltr'><strong>usus</strong></span> <span class='ocrx_word' id='word_1_19' title='bbox 391 671 524 742; x_wconf 87' lang='lat' dir='ltr'><strong>fortuna</strong></span> <span class='ocrx_word' id='word_1_20' title='bbox 550 667 712 766; x_wconf 85' lang='lat' dir='ltr'><strong>(utraque</strong></span> <span class='ocrx_word' id='word_1_21' title='bbox 730 674 817 740; x_wconf 90' lang='lat' dir='ltr'><strong>enim</strong></span> <span class='ocrx_word' id='word_1_22' title='bbox 840 669 976 740; x_wconf 89' lang='lat' dir='ltr'><strong>finiendi</strong></span> <span class='ocrx_word' id='word_1_23' title='bbox 991 673 1141 766; x_wconf 81' lang='lat' dir='ltr'><strong>spiritus,</strong></span> <span class='ocrx_word' id='word_1_24' title='bbox 1157 672 1230 760; x_wconf 90' lang='lat' dir='ltr'><strong>illa,</strong></span> 
     </span>
     <span class='ocr_line' id='line_1_4' title="bbox 165 773 1230 876; baseline 0.001 -28"><span class='ocrx_word' id='word_1_25' title='bbox 165 805 208 848; x_wconf 88' lang='lat' dir='ltr'><strong>ne</strong></span> <span class='ocrx_word' id='word_1_26' title='bbox 226 793 434 876; x_wconf 83' lang='lat' dir='ltr'><strong>perseveret,</strong></span> <span class='ocrx_word' id='word_1_27' title='bbox 464 779 554 864; x_wconf 86' lang='lat' dir='ltr'><strong>baec,</strong></span> <span class='ocrx_word' id='word_1_28' title='bbox 577 803 620 846; x_wconf 90' lang='lat' dir='ltr'><strong>ne</strong></span> <span class='ocrx_word' id='word_1_29' title='bbox 645 777 821 865; x_wconf 83' lang='lat' dir='ltr'><strong>destituat,</strong></span> <span class='ocrx_word' id='word_1_30' title='bbox 844 779 1005 847; x_wconf 91' lang='lat' dir='ltr'><strong>rationem</strong></span> <span class='ocrx_word' id='word_1_31' title='bbox 1030 773 1230 873; x_wconf 71' lang='lat' dir='ltr'><strong>praebuerit)</strong></span> 
     </span>
     <span class='ocr_line' id='line_1_5' title="bbox 166 884 725 982; baseline -0.007 -26"><span class='ocrx_word' id='word_1_32' title='bbox 166 887 384 982; x_wconf 89' lang='lat' dir='ltr'><strong>comprobato</strong></span> <span class='ocrx_word' id='word_1_33' title='bbox 399 885 488 956; x_wconf 84' lang='lat' dir='ltr'><strong>exitu</strong></span> <span class='ocrx_word' id='word_1_34' title='bbox 504 884 725 953; x_wconf 89' lang='lat' dir='ltr'><strong>terminetur¹.</strong></span> 
     </span>
    </p>

    <p class='ocr_par' dir='ltr' id='par_1_3' title="bbox 164 989 1228 1299">
     <span class='ocr_line' id='line_1_6' title="bbox 222 989 1228 1082; baseline -0.002 -20"><span class='ocrx_word' id='word_1_35' title='bbox 222 993 254 1062; x_wconf 93' lang='lat'><strong>8.</strong></span> <span class='ocrx_word' id='word_1_36' title='bbox 278 994 388 1082; x_wconf 85' lang='lat' dir='ltr'><strong>Quam</strong></span> <span class='ocrx_word' id='word_1_37' title='bbox 407 989 678 1060; x_wconf 88' lang='lat' dir='ltr'><strong>consuetudinem</strong></span> <span class='ocrx_word' id='word_1_38' title='bbox 701 989 954 1060; x_wconf 85' lang='lat' dir='ltr'><strong>Massiliensium</strong></span> <span class='ocrx_word' id='word_1_39' title='bbox 977 1015 1044 1058; x_wconf 94' lang='lat' dir='ltr'><strong>non</strong></span> <span class='ocrx_word' id='word_1_40' title='bbox 1066 992 1101 1059; x_wconf 93' lang='lat' dir='ltr'><strong>in</strong></span> <span class='ocrx_word' id='word_1_41' title='bbox 1122 991 1228 1062; x_wconf 89' lang='lat' dir='ltr'><strong>Gallia</strong></span> 
     </span>
     <span class='ocr_line' id='line_1_7' title="bbox 165 1096 1226 1191; baseline -0.002 -23"><span class='ocrx_word' id='word_1_42' title='bbox 165 1113 292 1185; x_wconf 87' lang='lat' dir='ltr'><strong>ortam,</strong></span> <span class='ocrx_word' id='word_1_43' title='bbox 314 1098 371 1168; x_wconf 84' lang='lat' dir='ltr'><strong>sed</strong></span> <span class='ocrx_word' id='word_1_44' title='bbox 384 1123 402 1166; x_wconf 89' lang='lat' dir='ltr'><strong>e</strong></span> <span class='ocrx_word' id='word_1_45' title='bbox 417 1099 545 1167; x_wconf 84' lang='lat' dir='ltr'><strong>Graecia</strong></span> <span class='ocrx_word' id='word_1_46' title='bbox 557 1096 750 1167; x_wconf 82' lang='lat' dir='ltr'><strong>translatam</strong></span> <span class='ocrx_word' id='word_1_47' title='bbox 762 1096 838 1165; x_wconf 89' lang='lat' dir='ltr'><strong>inde</strong></span> <span class='ocrx_word' id='word_1_48' title='bbox 853 1097 1020 1182; x_wconf 87' lang='lat' dir='ltr'><strong>existimo,</strong></span> <span class='ocrx_word' id='word_1_49' title='bbox 1038 1097 1128 1191; x_wconf 92' lang='lat' dir='ltr'><strong>quod</strong></span> <span class='ocrx_word' id='word_1_50' title='bbox 1139 1096 1226 1166; x_wconf 87' lang='lat' dir='ltr'><strong>illam</strong></span> 
     </span>
     <span class='ocr_line' id='line_1_8' title="bbox 164 1201 1227 1299; baseline 0.002 -27"><span class='ocrx_word' id='word_1_51' title='bbox 164 1207 264 1274; x_wconf 86' lang='lat' dir='ltr'><strong>etiarn</strong></span> <span class='ocrx_word' id='word_1_52' title='bbox 289 1207 323 1273; x_wconf 90' lang='lat' dir='ltr'><strong>in</strong></span> <span class='ocrx_word' id='word_1_53' title='bbox 349 1202 455 1274; x_wconf 87' lang='lat' dir='ltr'><strong>insula</strong></span> <span class='ocrx_word' id='word_1_54' title='bbox 474 1201 560 1272; x_wconf 81' lang='lat' dir='ltr'><strong>Cea&#39;</strong></span> <span class='ocrx_word' id='word_1_55' title='bbox 585 1205 709 1272; x_wconf 89' lang='lat' dir='ltr'><strong>servari</strong></span> <span class='ocrx_word' id='word_1_56' title='bbox 730 1203 967 1291; x_wconf 88' lang='lat' dir='ltr'><strong>animadverti,</strong></span> <span class='ocrx_word' id='word_1_57' title='bbox 991 1227 1059 1296; x_wconf 92' lang='lat' dir='ltr'><strong>quo</strong></span> <span class='ocrx_word' id='word_1_58' title='bbox 1078 1217 1227 1299; x_wconf 87' lang='lat' dir='ltr'><strong>tempore</strong></span> 
     </span>
    </p>

    <p class='ocr_par' dir='ltr' id='par_1_4' title="bbox 139 1307 1228 2576">
     <span class='ocr_line' id='line_1_9' title="bbox 163 1307 1226 1405; baseline -0.001 -25"><span class='ocrx_word' id='word_1_59' title='bbox 163 1315 275 1380; x_wconf 79' lang='lat' dir='ltr'><strong>Asiam</strong></span> <span class='ocrx_word' id='word_1_60' title='bbox 292 1335 370 1380; x_wconf 90' lang='lat' dir='ltr'><strong>cum</strong></span> <span class='ocrx_word' id='word_1_61' title='bbox 384 1313 456 1380; x_wconf 86' lang='lat' dir='ltr'><strong>Sex.</strong></span> <span class='ocrx_word' id='word_1_62' title='bbox 473 1311 632 1403; x_wconf 92' lang='lat' dir='ltr'><strong>Pompeio</strong></span> <span class='ocrx_word' id='word_1_63' title='bbox 650 1324 780 1405; x_wconf 87' lang='lat' dir='ltr'><strong>petens,</strong></span> <span class='ocrx_word' id='word_1_64' title='bbox 796 1307 905 1378; x_wconf 87' lang='lat' dir='ltr'><strong>Julida</strong></span> <span class='ocrx_word' id='word_1_65' title='bbox 922 1307 1082 1404; x_wconf 90' lang='lat' dir='ltr'><strong>oppidum</strong></span> <span class='ocrx_word' id='word_1_66' title='bbox 1097 1312 1226 1379; x_wconf 84' lang='lat' dir='ltr'><strong>intravi.</strong></span> 
     </span>
     <span class='ocr_line' id='line_1_10' title="bbox 139 1401 1227 1510; baseline 0.001 -26"><span class='ocrx_word' id='word_1_67' title='bbox 139 1401 142 1410; x_wconf 45' lang='lat'><strong>¹</strong></span> <span class='ocrx_word' id='word_1_68' title='bbox 165 1403 282 1486; x_wconf 82' lang='lat' dir='ltr'><strong>Forte³</strong></span> <span class='ocrx_word' id='word_1_69' title='bbox 301 1419 388 1486; x_wconf 91' lang='lat' dir='ltr'><strong>enim</strong></span> <span class='ocrx_word' id='word_1_70' title='bbox 407 1418 532 1502; x_wconf 87' lang='lat' dir='ltr'><strong>evcnit,</strong></span> <span class='ocrx_word' id='word_1_71' title='bbox 552 1430 589 1483; x_wconf 91' lang='lat' dir='ltr'><strong>ut</strong></span> <span class='ocrx_word' id='word_1_72' title='bbox 602 1430 681 1484; x_wconf 91' lang='lat' dir='ltr'><strong>tunc</strong></span> <span class='ocrx_word' id='word_1_73' title='bbox 697 1440 834 1486; x_wconf 82' lang='lat' dir='ltr'><strong>summae</strong></span> <span class='ocrx_word' id='word_1_74' title='bbox 848 1415 1016 1510; x_wconf 83' lang='lat' dir='ltr'><strong>dignitatis</strong></span> <span class='ocrx_word' id='word_1_75' title='bbox 1032 1415 1076 1482; x_wconf 94' lang='lat' dir='ltr'><strong>ibi</strong></span> <span class='ocrx_word' id='word_1_76' title='bbox 1092 1415 1227 1504; x_wconf 86' lang='lat' dir='ltr'><strong>femina,</strong></span> 
     </span>
     <span class='ocr_line' id='line_1_11' title="bbox 165 1521 1228 1616; baseline -0.001 -24"><span class='ocrx_word' id='word_1_77' title='bbox 165 1524 222 1592; x_wconf 86' lang='lat' dir='ltr'><strong>sed</strong></span> <span class='ocrx_word' id='word_1_78' title='bbox 243 1522 365 1592; x_wconf 67' lang='lat' dir='ltr'><strong>ultima,²</strong></span> <span class='ocrx_word' id='word_1_79' title='bbox 382 1524 452 1616; x_wconf 89' lang='lat' dir='ltr'><strong>jam</strong></span> <span class='ocrx_word' id='word_1_80' title='bbox 474 1524 671 1610; x_wconf 79' lang='lat' dir='ltr'><strong>senectutis,</strong></span> <span class='ocrx_word' id='word_1_81' title='bbox 699 1521 825 1592; x_wconf 89' lang='lat' dir='ltr'><strong>reddita</strong></span> <span class='ocrx_word' id='word_1_82' title='bbox 852 1523 978 1592; x_wconf 89' lang='lat' dir='ltr'><strong>ratione</strong></span> <span class='ocrx_word' id='word_1_83' title='bbox 1000 1521 1147 1607; x_wconf 87' lang='lat' dir='ltr'><strong>civibus,</strong></span> <span class='ocrx_word' id='word_1_84' title='bbox 1168 1547 1228 1591; x_wconf 91' lang='lat' dir='ltr'><strong>cur</strong></span> 
     </span>
     <span class='ocr_line' id='line_1_12' title="bbox 163 1627 1226 1717; baseline -0.002 -19"><span class='ocrx_word' id='word_1_85' title='bbox 163 1631 323 1700; x_wconf 80' lang='lat' dir='ltr'><strong>excedere</strong></span> <span class='ocrx_word' id='word_1_86' title='bbox 348 1631 416 1698; x_wconf 86' lang='lat' dir='ltr'><strong>vita</strong></span> <span class='ocrx_word' id='word_1_87' title='bbox 440 1628 592 1716; x_wconf 85' lang='lat' dir='ltr'><strong>deberet,</strong></span> <span class='ocrx_word' id='word_1_88' title='bbox 611 1652 740 1697; x_wconf 88' lang='lat' dir='ltr'><strong>veneno</strong></span> <span class='ocrx_word' id='word_1_89' title='bbox 763 1651 960 1696; x_wconf 86' lang='lat' dir='ltr'><strong>consumere</strong></span> <span class='ocrx_word' id='word_1_90' title='bbox 975 1652 1015 1696; x_wconf 64' lang='lat' dir='ltr'><strong>vsc</strong></span> <span class='ocrx_word' id='word_1_91' title='bbox 1042 1627 1226 1717; x_wconf 87' lang='lat' dir='ltr'><strong>destinarit,</strong></span> 
     </span>
     <span class='ocr_line' id='line_1_13' title="bbox 161 1732 1227 1829; baseline -0.001 -25"><span class='ocrx_word' id='word_1_92' title='bbox 161 1752 372 1829; x_wconf 90' lang='lat' dir='ltr'><strong>mortemque</strong></span> <span class='ocrx_word' id='word_1_93' title='bbox 386 1759 478 1803; x_wconf 90' lang='lat' dir='ltr'><strong>suam</strong></span> <span class='ocrx_word' id='word_1_94' title='bbox 490 1735 638 1826; x_wconf 88' lang='lat' dir='ltr'><strong>Pompeii</strong></span> <span class='ocrx_word' id='word_1_95' title='bbox 656 1736 829 1828; x_wconf 70' lang='lat' dir='ltr'><strong>presentia</strong></span> <span class='ocrx_word' id='word_1_96' title='bbox 843 1732 1015 1802; x_wconf 90' lang='lat' dir='ltr'><strong>clariorem</strong></span> <span class='ocrx_word' id='word_1_97' title='bbox 1031 1732 1101 1800; x_wconf 84' lang='lat' dir='ltr'><strong>lieri</strong></span> <span class='ocrx_word' id='word_1_98' title='bbox 1116 1738 1227 1829; x_wconf 81' lang='lat' dir='ltr'><strong>magni</strong></span> 
     </span>
     <span class='ocr_line' id='line_1_14' title="bbox 161 1838 1227 1933; baseline -0.003 -22"><span class='ocrx_word' id='word_1_99' title='bbox 161 1844 340 1911; x_wconf 65' lang='lat' dir='ltr'><strong>testimarit.</strong></span> <span class='ocrx_word' id='word_1_100' title='bbox 357 1844 429 1910; x_wconf 89' lang='lat' dir='ltr'><strong>Nec</strong></span> <span class='ocrx_word' id='word_1_101' title='bbox 447 1863 562 1933; x_wconf 85' lang='lat' dir='ltr'><strong>preces</strong></span> <span class='ocrx_word' id='word_1_102' title='bbox 576 1839 647 1930; x_wconf 89' lang='lat' dir='ltr'><strong>ejus</strong></span> <span class='ocrx_word' id='word_1_103' title='bbox 661 1841 711 1907; x_wconf 82' lang='lat' dir='ltr'><strong>vir</strong></span> <span class='ocrx_word' id='word_1_104' title='bbox 728 1839 796 1926; x_wconf 89' lang='lat' dir='ltr'><strong>ille,</strong></span> <span class='ocrx_word' id='word_1_105' title='bbox 815 1853 853 1908; x_wconf 91' lang='lat' dir='ltr'><strong>ut</strong></span> <span class='ocrx_word' id='word_1_106' title='bbox 867 1838 1019 1907; x_wconf 90' lang='lat' dir='ltr'><strong>omnibus</strong></span> <span class='ocrx_word' id='word_1_107' title='bbox 1035 1839 1227 1928; x_wconf 83' lang='lat' dir='ltr'><strong>virtutibus,</strong></span> 
     </span>
     <span class='ocr_line' id='line_1_15' title="bbox 162 1942 1226 2039; baseline 0 -25"><span class='ocrx_word' id='word_1_108' title='bbox 162 1950 211 2016; x_wconf 90' lang='lat' dir='ltr'><strong>ita</strong></span> <span class='ocrx_word' id='word_1_109' title='bbox 226 1948 436 2018; x_wconf 89' lang='lat' dir='ltr'><strong>humanitatis</strong></span> <span class='ocrx_word' id='word_1_110' title='bbox 458 1969 590 2038; x_wconf 89' lang='lat' dir='ltr'><strong>quoque</strong></span> <span class='ocrx_word' id='word_1_111' title='bbox 613 1942 765 2014; x_wconf 89' lang='lat' dir='ltr'><strong>laudibus</strong></span> <span class='ocrx_word' id='word_1_112' title='bbox 782 1946 1066 2032; x_wconf 88' lang='lat' dir='ltr'><strong>instructissimus,</strong></span> <span class='ocrx_word' id='word_1_113' title='bbox 1089 1944 1226 2039; x_wconf 86' lang='lat' dir='ltr'><strong>adsper-</strong></span> 
     </span>
     <span class='ocr_line' id='line_1_16' title="bbox 165 2049 1225 2144; baseline -0.002 -22"><span class='ocrx_word' id='word_1_114' title='bbox 165 2057 240 2122; x_wconf 88' lang='lat' dir='ltr'><strong>nari</strong></span> <span class='ocrx_word' id='word_1_115' title='bbox 257 2055 417 2124; x_wconf 90' lang='lat' dir='ltr'><strong>sustinuit.</strong></span> <span class='ocrx_word' id='word_1_116' title='bbox 437 2053 539 2120; x_wconf 86' lang='lat' dir='ltr'><strong>Venit</strong></span> <span class='ocrx_word' id='word_1_117' title='bbox 555 2051 665 2144; x_wconf 88' lang='lat' dir='ltr'><strong>itaque</strong></span> <span class='ocrx_word' id='word_1_118' title='bbox 680 2051 825 2138; x_wconf 89' lang='lat' dir='ltr'><strong>adeam,</strong></span> <span class='ocrx_word' id='word_1_119' title='bbox 844 2049 1141 2144; x_wconf 81' lang='lat' dir='ltr'><strong>facundissimoque</strong></span> <span class='ocrx_word' id='word_1_120' title='bbox 1160 2077 1225 2120; x_wconf 91' lang='lat' dir='ltr'><strong>ser·</strong></span> 
     </span>
     <span class='ocr_line' id='line_1_17' title="bbox 165 2155 1226 2254; baseline -0.002 -26"><span class='ocrx_word' id='word_1_121' title='bbox 165 2185 280 2249; x_wconf 87' lang='lat' dir='ltr'><strong>moue,</strong></span> <span class='ocrx_word' id='word_1_122' title='bbox 295 2161 351 2254; x_wconf 92' lang='lat' dir='ltr'><strong>qui</strong></span> <span class='ocrx_word' id='word_1_123' title='bbox 367 2183 424 2228; x_wconf 89' lang='lat' dir='ltr'><strong>ore</strong></span> <span class='ocrx_word' id='word_1_124' title='bbox 437 2158 507 2252; x_wconf 86' lang='lat' dir='ltr'><strong>ejus</strong></span> <span class='ocrx_word' id='word_1_125' title='bbox 520 2158 614 2251; x_wconf 91' lang='lat' dir='ltr'><strong>quasi</strong></span> <span class='ocrx_word' id='word_1_126' title='bbox 629 2181 647 2224; x_wconf 89' lang='lat' dir='ltr'><strong>e</strong></span> <span class='ocrx_word' id='word_1_127' title='bbox 660 2156 758 2226; x_wconf 91' lang='lat' dir='ltr'><strong>beato</strong></span> <span class='ocrx_word' id='word_1_128' title='bbox 769 2157 915 2252; x_wconf 87' lang='lat' dir='ltr'><strong>quodam</strong></span> <span class='ocrx_word' id='word_1_129' title='bbox 928 2155 1121 2250; x_wconf 86' lang='lat' dir='ltr'><strong>eloquentiae</strong></span> <span class='ocrx_word' id='word_1_130' title='bbox 1135 2157 1226 2227; x_wconf 80' lang='lat' dir='ltr'><strong>fonte</strong></span> 
     </span>
     <span class='ocr_line' id='line_1_18' title="bbox 163 2262 1226 2358; baseline -0.004 -22"><span class='ocrx_word' id='word_1_131' title='bbox 163 2268 338 2350; x_wconf 89' lang='lat' dir='ltr'><strong>manabat,</strong></span> <span class='ocrx_word' id='word_1_132' title='bbox 367 2266 409 2334; x_wconf 93' lang='lat' dir='ltr'><strong>ab</strong></span> <span class='ocrx_word' id='word_1_133' title='bbox 434 2267 568 2358; x_wconf 88' lang='lat' dir='ltr'><strong>incepto</strong></span> <span class='ocrx_word' id='word_1_134' title='bbox 591 2262 727 2333; x_wconf 90' lang='lat' dir='ltr'><strong>consilio</strong></span> <span class='ocrx_word' id='word_1_135' title='bbox 748 2263 804 2331; x_wconf 91' lang='lat' dir='ltr'><strong>diu</strong></span> <span class='ocrx_word' id='word_1_136' title='bbox 828 2262 1047 2357; x_wconf 85' lang='lat' dir='ltr'><strong>nequidquam</strong></span> <span class='ocrx_word' id='word_1_137' title='bbox 1069 2287 1226 2334; x_wconf 90' lang='lat' dir='ltr'><strong>revocare</strong></span> 
     </span>
     <span class='ocr_line' id='line_1_19' title="bbox 163 2369 1225 2464; baseline -0.003 -22"><span class='ocrx_word' id='word_1_138' title='bbox 163 2389 323 2461; x_wconf 86' lang='lat' dir='ltr'><strong>conatus,</strong></span> <span class='ocrx_word' id='word_1_139' title='bbox 341 2371 383 2441; x_wconf 88' lang='lat' dir='ltr'><strong>ad</strong></span> <span class='ocrx_word' id='word_1_140' title='bbox 398 2369 550 2440; x_wconf 88' lang='lat' dir='ltr'><strong>ultimum</strong></span> <span class='ocrx_word' id='word_1_141' title='bbox 566 2371 773 2464; x_wconf 85' lang='lat' dir='ltr'><strong>propositum</strong></span> <span class='ocrx_word' id='word_1_142' title='bbox 787 2371 919 2463; x_wconf 86' lang='lat' dir='ltr'><strong>exsequi</strong></span> <span class='ocrx_word' id='word_1_143' title='bbox 933 2393 1048 2464; x_wconf 90' lang='lat' dir='ltr'><strong>passus</strong></span> <span class='ocrx_word' id='word_1_144' title='bbox 1066 2383 1135 2438; x_wconf 89' lang='lat' dir='ltr'><strong>est:</strong></span> <span class='ocrx_word' id='word_1_145' title='bbox 1153 2393 1225 2464; x_wconf 83' lang='lat' dir='ltr'><strong>quae</strong></span> 
     </span>
     <span class='ocr_line' id='line_1_20' title="bbox 162 2479 1225 2576; baseline -0.004 -28"><span class='ocrx_word' id='word_1_146' title='bbox 162 2481 414 2576; x_wconf 81' lang='lat' dir='ltr'><strong>nonagesimum</strong></span> <span class='ocrx_word' id='word_1_147' title='bbox 435 2500 560 2544; x_wconf 92' lang='lat' dir='ltr'><strong>annum</strong></span> <span class='ocrx_word' id='word_1_148' title='bbox 582 2489 800 2570; x_wconf 77' lang='lat' dir='ltr'><strong>transgressa,</strong></span> <span class='ocrx_word' id='word_1_149' title='bbox 824 2500 900 2544; x_wconf 92' lang='lat' dir='ltr'><strong>cum</strong></span> <span class='ocrx_word' id='word_1_150' title='bbox 924 2499 1052 2544; x_wconf 89' lang='lat' dir='ltr'><strong>summa</strong></span> <span class='ocrx_word' id='word_1_151' title='bbox 1073 2489 1107 2544; x_wconf 89' lang='lat' dir='ltr'><strong>et</strong></span> <span class='ocrx_word' id='word_1_152' title='bbox 1124 2479 1225 2544; x_wconf 90' lang='lat' dir='ltr'><strong>animi</strong></span> 
     </span>
    </p>
   </div>
   <div class='ocr_carea' id='block_1_3' title="bbox 160 2580 1224 2790">
    <p class='ocr_par' dir='ltr' id='par_1_5' title="bbox 160 2580 1224 2790">
     <span class='ocr_line' id='line_1_21' title="bbox 163 2580 1224 2682; baseline -0.006 -26"><span class='ocrx_word' id='word_1_153' title='bbox 163 2602 197 2656; x_wconf 90' lang='lat' dir='ltr'><strong>et</strong></span> <span class='ocrx_word' id='word_1_154' title='bbox 211 2587 359 2682; x_wconf 88' lang='lat' dir='ltr'><strong>corporis</strong></span> <span class='ocrx_word' id='word_1_155' title='bbox 374 2585 575 2666; x_wconf 78' lang='lat' dir='ltr'><strong>sinceritate,</strong></span> <span class='ocrx_word' id='word_1_156' title='bbox 597 2580 734 2668; x_wconf 86' lang='lat' dir='ltr'><strong>lectulo,</strong></span> <span class='ocrx_word' id='word_1_157' title='bbox 755 2595 914 2676; x_wconf 88' lang='lat' dir='ltr'><strong>quantum</strong></span> <span class='ocrx_word' id='word_1_158' title='bbox 929 2581 1122 2676; x_wconf 80' lang='lat' dir='ltr'><strong>dignoscere</strong></span> <span class='ocrx_word' id='word_1_159' title='bbox 1135 2598 1224 2670; x_wconf 87' lang='lat' dir='ltr'><strong>erat,</strong></span> 
     </span>
     <span class='ocr_line' id='line_1_22' title="bbox 160 2675 1224 2790; baseline -0.006 -28"><span class='ocrx_word' id='word_1_160' title='bbox 160 2693 352 2790; x_wconf 89' lang='lat' dir='ltr'><strong>quotidiana</strong></span> <span class='ocrx_word' id='word_1_161' title='bbox 362 2688 600 2760; x_wconf 88' lang='lat' dir='ltr'><strong>consuetudine</strong></span> <span class='ocrx_word' id='word_1_162' title='bbox 612 2687 731 2758; x_wconf 88' lang='lat' dir='ltr'><strong>cultius</strong></span> <span class='ocrx_word' id='word_1_163' title='bbox 742 2675 863 2758; x_wconf 77' lang='lat' dir='ltr'><strong>strato⁴</strong></span> <span class='ocrx_word' id='word_1_164' title='bbox 878 2688 1057 2775; x_wconf 89' lang='lat' dir='ltr'><strong>recubans,</strong></span> <span class='ocrx_word' id='word_1_165' title='bbox 1070 2703 1103 2757; x_wconf 86' lang='lat' dir='ltr'><strong>et</strong></span> <span class='ocrx_word' id='word_1_166' title='bbox 1115 2689 1224 2756; x_wconf 84' lang='lat' dir='ltr'><strong>innixa</strong></span> 
     </span>
    </p>
   </div>
   <div class='ocr_carea' id='block_1_4' title="bbox 164 2877 1315 4073">
    <p class='ocr_par' dir='ltr' id='par_1_6' title="bbox 164 2877 1225 3115">
     <span class='ocr_line' id='line_1_23' title="bbox 165 2877 1224 2960; baseline -0.01 -19"><span class='ocrx_word' id='word_1_167' title='bbox 165 2905 224 2960; x_wconf 81' lang='lat' dir='ltr'><strong>quse</strong></span> <span class='ocrx_word' id='word_1_168' title='bbox 236 2887 286 2940; x_wconf 91' lang='lat' dir='ltr'><strong>hoc</strong></span> <span class='ocrx_word' id='word_1_169' title='bbox 298 2888 357 2939; x_wconf 91' lang='lat' dir='ltr'><strong>loco</strong></span> <span class='ocrx_word' id='word_1_170' title='bbox 372 2903 458 2956; x_wconf 90' lang='lat' dir='ltr'><strong>neque</strong></span> <span class='ocrx_word' id='word_1_171' title='bbox 470 2881 550 2936; x_wconf 85' lang='lat' dir='ltr'><strong>nimis</strong></span> <span class='ocrx_word' id='word_1_172' title='bbox 567 2895 674 2941; x_wconf 83' lang='lat' dir='ltr'><strong>severa,</strong></span> <span class='ocrx_word' id='word_1_173' title='bbox 716 2881 884 2932; x_wconf 80' lang='lat' dir='ltr'><strong>manifestum</strong></span> <span class='ocrx_word' id='word_1_174' title='bbox 905 2889 951 2930; x_wconf 91' lang='lat' dir='ltr'><strong>est.</strong></span> <span class='ocrx_word' id='word_1_175' title='bbox 964 2878 1003 2929; x_wconf 84' lang='lat' dir='ltr'><strong>Ex</strong></span> <span class='ocrx_word' id='word_1_176' title='bbox 1020 2877 1062 2928; x_wconf 90' lang='lat' dir='ltr'><strong>his</strong></span> <span class='ocrx_word' id='word_1_177' title='bbox 1080 2877 1145 2930; x_wconf 81' lang='lat' dir='ltr'><strong>Ceon</strong></span> <span class='ocrx_word' id='word_1_178' title='bbox 1160 2879 1224 2930; x_wconf 88' lang='lat' dir='ltr'><strong>olim</strong></span> 
     </span>
     <span class='ocr_line' id='line_1_24' title="bbox 166 2955 1225 3038; baseline -0.008 -18"><span class='ocrx_word' id='word_1_179' title='bbox 166 2985 252 3038; x_wconf 89' lang='lat' dir='ltr'><strong>neque</strong></span> <span class='ocrx_word' id='word_1_180' title='bbox 273 2968 352 3019; x_wconf 88' lang='lat' dir='ltr'><strong>nimis</strong></span> <span class='ocrx_word' id='word_1_181' title='bbox 369 2965 451 3018; x_wconf 78' lang='lat' dir='ltr'><strong>facilis</strong></span> <span class='ocrx_word' id='word_1_182' title='bbox 466 2975 523 3028; x_wconf 85' lang='lat' dir='ltr'><strong>est,</strong></span> <span class='ocrx_word' id='word_1_183' title='bbox 537 2956 584 3012; x_wconf 83' lang='lat' dir='ltr'><strong>sed</strong></span> <span class='ocrx_word' id='word_1_184' title='bbox 603 2958 674 3010; x_wconf 86' lang='lat' dir='ltr'><strong>virili</strong></span> <span class='ocrx_word' id='word_1_185' title='bbox 717 2960 881 3030; x_wconf 85' lang='lat' dir='ltr'><strong>Tetrapolim</strong></span> <span class='ocrx_word' id='word_1_186' title='bbox 902 2957 997 3020; x_wconf 83' lang='lat' dir='ltr'><strong>luisse,</strong></span> <span class='ocrx_word' id='word_1_187' title='bbox 1015 2969 1104 3027; x_wconf 85' lang='lat' dir='ltr'><strong>postea</strong></span> <span class='ocrx_word' id='word_1_188' title='bbox 1123 2955 1225 3012; x_wconf 85' lang='lat' dir='ltr'><strong>duabus</strong></span> 
     </span>
     <span class='ocr_line' id='line_1_25' title="bbox 164 3037 1225 3115; baseline -0.01 -16"><span class='ocrx_word' id='word_1_189' title='bbox 164 3047 346 3100; x_wconf 80' lang='lat' dir='ltr'><strong>benevolentia</strong></span> <span class='ocrx_word' id='word_1_190' title='bbox 357 3057 527 3115; x_wconf 85' lang='lat' dir='ltr'><strong>temperatur.</strong></span> <span class='ocrx_word' id='word_1_191' title='bbox 716 3039 829 3092; x_wconf 83' lang='lat' dir='ltr'><strong>urbibus</strong></span> <span class='ocrx_word' id='word_1_192' title='bbox 857 3037 958 3090; x_wconf 63' lang='lat' dir='ltr'><strong>&amp;ressa</strong></span> <span class='ocrx_word' id='word_1_193' title='bbox 985 3037 1133 3108; x_wconf 82' lang='lat' dir='ltr'><strong>Pocessaque</strong></span> <span class='ocrx_word' id='word_1_194' title='bbox 1158 3038 1225 3092; x_wconf 85' lang='lat' dir='ltr'><strong>mari</strong></span> 
     </span>
    </p>

    <p class='ocr_par' dir='ltr' id='par_1_7' title="bbox 164 3115 1225 3668">
     <span class='ocr_line' id='line_1_26' title="bbox 212 3115 1224 3195; baseline -0.011 -17"><span class='ocrx_word' id='word_1_195' title='bbox 212 3145 236 3178; x_wconf 85' lang='lat'><strong>1.</strong></span> <span class='ocrx_word' id='word_1_196' title='bbox 247 3125 405 3195; x_wconf 80' lang='lat' dir='ltr'><strong>Comprobato</strong></span> <span class='ocrx_word' id='word_1_197' title='bbox 415 3129 480 3176; x_wconf 67' lang='lat' dir='ltr'><strong>exitu</strong></span> <span class='ocrx_word' id='word_1_198' title='bbox 492 3129 635 3178; x_wconf 69' lang='lat' dir='ltr'><strong>comninetur.</strong></span> <span class='ocrx_word' id='word_1_199' title='bbox 646 3124 674 3176; x_wconf 93' lang='lat' dir='ltr'><strong>Si</strong></span> <span class='ocrx_word' id='word_1_200' title='bbox 717 3119 816 3174; x_wconf 80' lang='lat' dir='ltr'><strong>haustis</strong></span> <span class='ocrx_word' id='word_1_201' title='bbox 829 3116 931 3170; x_wconf 87' lang='lat' dir='ltr'><strong>induas</strong></span> <span class='ocrx_word' id='word_1_202' title='bbox 941 3115 1151 3187; x_wconf 71' lang='lat' dir='ltr'><strong>reliquas-Iulida</strong></span> <span class='ocrx_word' id='word_1_203' title='bbox 1161 3117 1224 3168; x_wconf 81' lang='lat' dir='ltr'><strong>Car-</strong></span> 
     </span>
     <span class='ocr_line' id='line_1_27' title="bbox 165 3196 1224 3278; baseline -0.011 -20"><span class='ocrx_word' id='word_1_204' title='bbox 165 3205 248 3278; x_wconf 82' lang='lat' dir='ltr'><strong>]udex</strong></span> <span class='ocrx_word' id='word_1_205' title='bbox 269 3205 432 3276; x_wconf 85' lang='lat' dir='ltr'><strong>propositum</strong></span> <span class='ocrx_word' id='word_1_206' title='bbox 451 3203 585 3270; x_wconf 86' lang='lat' dir='ltr'><strong>bominis,</strong></span> <span class='ocrx_word' id='word_1_207' title='bbox 604 3204 673 3257; x_wconf 89' lang='lat' dir='ltr'><strong>mori</strong></span> <span class='ocrx_word' id='word_1_208' title='bbox 718 3201 849 3271; x_wconf 80' lang='lat' dir='ltr'><strong>tlroearnque</strong></span> <span class='ocrx_word' id='word_1_209' title='bbox 867 3197 1030 3250; x_wconf 76' lang='lat' dir='ltr'><strong>habitatores</strong></span> <span class='ocrx_word' id='word_1_210' title='bbox 1053 3213 1143 3247; x_wconf 81' lang='lat' dir='ltr'><strong>earum</strong></span> <span class='ocrx_word' id='word_1_211' title='bbox 1174 3196 1224 3247; x_wconf 91' lang='lat' dir='ltr'><strong>mi·</strong></span> 
     </span>
     <span class='ocr_line' id='line_1_28' title="bbox 167 3273 1223 3356; baseline -0.009 -19"><span class='ocrx_word' id='word_1_212' title='bbox 167 3285 319 3356; x_wconf 79' lang='lat' dir='ltr'><strong>cupientis,</strong></span> <span class='ocrx_word' id='word_1_213' title='bbox 335 3284 493 3348; x_wconf 82' lang='lat' dir='ltr'><strong>laudaverit,</strong></span> <span class='ocrx_word' id='word_1_214' title='bbox 506 3298 532 3337; x_wconf 91' lang='lat' dir='ltr'><strong>et</strong></span> <span class='ocrx_word' id='word_1_215' title='bbox 546 3283 674 3337; x_wconf 78' lang='lat' dir='ltr'><strong>adscensu</strong></span> <span class='ocrx_word' id='word_1_216' title='bbox 716 3297 820 3350; x_wconf 74' lang='lat' dir='ltr'><strong>grasse,</strong></span> <span class='ocrx_word' id='word_1_217' title='bbox 834 3278 929 3331; x_wconf 86' lang='lat' dir='ltr'><strong>Strabo</strong></span> <span class='ocrx_word' id='word_1_218' title='bbox 948 3288 974 3327; x_wconf 87' lang='lat' dir='ltr'><strong>et</strong></span> <span class='ocrx_word' id='word_1_219' title='bbox 989 3275 1091 3328; x_wconf 84' lang='lat' dir='ltr'><strong>Plinius</strong></span> <span class='ocrx_word' id='word_1_220' title='bbox 1105 3273 1223 3328; x_wconf 85' lang='lat' dir='ltr'><strong>tradunt.</strong></span> 
     </span>
     <span class='ocr_line' id='line_1_29' title="bbox 167 3352 1225 3434; baseline -0.009 -17"><span class='ocrx_word' id='word_1_221' title='bbox 167 3383 218 3418; x_wconf 84' lang='lat' dir='ltr'><strong>suo</strong></span> <span class='ocrx_word' id='word_1_222' title='bbox 233 3365 458 3434; x_wconf 84' lang='lat' dir='ltr'><strong>comprobaverit,</strong></span> <span class='ocrx_word' id='word_1_223' title='bbox 471 3365 595 3416; x_wconf 89' lang='lat' dir='ltr'><strong>moritur.</strong></span> <span class='ocrx_word' id='word_1_224' title='bbox 613 3365 673 3416; x_wconf 82' lang='lat' dir='ltr'><strong>Ter-</strong></span> <span class='ocrx_word' id='word_1_225' title='bbox 717 3357 768 3412; x_wconf 88' lang='lat' dir='ltr'><strong>Sed</strong></span> <span class='ocrx_word' id='word_1_226' title='bbox 778 3372 875 3412; x_wconf 84' lang='lat' dir='ltr'><strong>temere</strong></span> <span class='ocrx_word' id='word_1_227' title='bbox 884 3353 1085 3410; x_wconf 80' lang='lat' dir='ltr'><strong>confunduntur</strong></span> <span class='ocrx_word' id='word_1_228' title='bbox 1098 3352 1167 3425; x_wconf 84' lang='lat' dir='ltr'><strong>apud</strong></span> <span class='ocrx_word' id='word_1_229' title='bbox 1181 3373 1225 3407; x_wconf 80' lang='lat' dir='ltr'><strong>au·</strong></span> 
     </span>
     <span class='ocr_line' id='line_1_30' title="bbox 168 3441 1223 3515; baseline -0.011 -15"><span class='ocrx_word' id='word_1_230' title='bbox 168 3447 259 3500; x_wconf 79' lang='lat' dir='ltr'><strong>minari</strong></span> <span class='ocrx_word' id='word_1_231' title='bbox 273 3444 344 3496; x_wconf 88' lang='lat' dir='ltr'><strong>enim</strong></span> <span class='ocrx_word' id='word_1_232' title='bbox 357 3457 395 3497; x_wconf 86' lang='lat' dir='ltr'><strong>est</strong></span> <span class='ocrx_word' id='word_1_233' title='bbox 414 3461 462 3515; x_wconf 88' lang='lat' dir='ltr'><strong>pro</strong></span> <span class='ocrx_word' id='word_1_234' title='bbox 478 3446 551 3506; x_wconf 80' lang='lat' dir='ltr'><strong>mori,</strong></span> <span class='ocrx_word' id='word_1_235' title='bbox 566 3455 596 3494; x_wconf 88' lang='lat' dir='ltr'><strong>ut</strong></span> <span class='ocrx_word' id='word_1_236' title='bbox 603 3441 675 3511; x_wconf 81' lang='lat' dir='ltr'><strong>finiri</strong></span> <span class='ocrx_word' id='word_1_237' title='bbox 716 3451 801 3492; x_wconf 85' lang='lat' dir='ltr'><strong>ctores</strong></span> <span class='ocrx_word' id='word_1_238' title='bbox 815 3449 869 3490; x_wconf 82' lang='lat' dir='ltr'><strong>tem</strong></span> <span class='ocrx_word' id='word_1_239' title='bbox 885 3453 983 3508; x_wconf 78' lang='lat' dir='ltr'><strong>graecos</strong></span> <span class='ocrx_word' id='word_1_240' title='bbox 1004 3451 1083 3504; x_wconf 88' lang='lat' dir='ltr'><strong>quam</strong></span> <span class='ocrx_word' id='word_1_241' title='bbox 1100 3451 1223 3488; x_wconf 84' lang='lat' dir='ltr'><strong>romanos</strong></span> 
     </span>
     <span class='ocr_line' id='line_1_31' title="bbox 166 3511 1223 3589; baseline -0.012 -9"><span class='ocrx_word' id='word_1_242' title='bbox 166 3525 238 3580; x_wconf 85' lang='lat' dir='ltr'><strong>inira</strong></span> <span class='ocrx_word' id='word_1_243' title='bbox 256 3523 274 3575; x_wconf 95' lang='lat' dir='ltr'><strong>l.</strong></span> <span class='ocrx_word' id='word_1_244' title='bbox 288 3523 345 3588; x_wconf 89' lang='lat'>111,</span> <span class='ocrx_word' id='word_1_245' title='bbox 359 3543 382 3577; x_wconf 90' lang='lat' dir='ltr'><strong>c.</strong></span> <span class='ocrx_word' id='word_1_246' title='bbox 400 3543 430 3589; x_wconf 78' lang='lat' dir='ltr'><strong>a,</strong></span> <span class='ocrx_word' id='word_1_247' title='bbox 444 3535 495 3576; x_wconf 80' lang='lat' dir='ltr'><strong>ext.</strong></span> <span class='ocrx_word' id='word_1_248' title='bbox 513 3527 545 3588; x_wconf 77' lang='lat'><strong>63</strong></span> <span class='ocrx_word' id='word_1_249' title='bbox 557 3522 605 3574; x_wconf 89' lang='lat' dir='ltr'><strong>lib.</strong></span> <span class='ocrx_word' id='word_1_250' title='bbox 619 3523 673 3587; x_wconf 84' lang='lat' dir='ltr'><strong>lx,</strong></span> <span class='ocrx_word' id='word_1_251' title='bbox 716 3517 846 3572; x_wconf 85' lang='lat' dir='ltr'><strong>dictarum</strong></span> <span class='ocrx_word' id='word_1_252' title='bbox 857 3515 1003 3569; x_wconf 84' lang='lat' dir='ltr'><strong>insularum</strong></span> <span class='ocrx_word' id='word_1_253' title='bbox 1013 3511 1134 3578; x_wconf 82' lang='lat' dir='ltr'><strong>nomina,</strong></span> <span class='ocrx_word' id='word_1_254' title='bbox 1143 3512 1223 3585; x_wconf 88' lang='lat' dir='ltr'><strong>idque</strong></span> 
     </span>
     <span class='ocr_line' id='line_1_32' title="bbox 164 3593 1063 3668; baseline -0.016 -10"><span class='ocrx_word' id='word_1_255' title='bbox 164 3625 188 3660; x_wconf 89' lang='lat' dir='ltr'><strong>c.</strong></span> <span class='ocrx_word' id='word_1_256' title='bbox 208 3625 256 3668; x_wconf 84' lang='lat' dir='ltr'><strong>ra,</strong></span> <span class='ocrx_word' id='word_1_257' title='bbox 273 3615 325 3656; x_wconf 78' lang='lat' dir='ltr'><strong>ext.</strong></span> <span class='ocrx_word' id='word_1_258' title='bbox 343 3610 369 3667; x_wconf 74' lang='grc'><strong>4.</strong></span> <span class='ocrx_word' id='word_1_259' title='bbox 716 3597 874 3668; x_wconf 81' lang='lat' dir='ltr'><strong>negligentia</strong></span> <span class='ocrx_word' id='word_1_260' title='bbox 886 3593 1063 3648; x_wconf 81' lang='lat' dir='ltr'><strong>librariorum.</strong></span> 
     </span>
    </p>

    <p class='ocr_par' dir='ltr' id='par_1_8' title="bbox 164 3671 1315 3979">
     <span class='ocr_line' id='line_1_33' title="bbox 209 3671 1223 3744; baseline -0.019 -6"><span class='ocrx_word' id='word_1_261' title='bbox 209 3705 234 3738; x_wconf 80' lang='lat' dir='ltr'><strong>a.</strong></span> <span class='ocrx_word' id='word_1_262' title='bbox 260 3683 318 3736; x_wconf 81' lang='lat' dir='ltr'><strong>Ceo.</strong></span> <span class='ocrx_word' id='word_1_263' title='bbox 338 3685 379 3736; x_wconf 83' lang='lat' dir='ltr'><strong>Ita</strong></span> <span class='ocrx_word' id='word_1_264' title='bbox 401 3683 429 3736; x_wconf 86' lang='lat' dir='ltr'><strong>in</strong></span> <span class='ocrx_word' id='word_1_265' title='bbox 451 3680 674 3736; x_wconf 78' lang='lat' dir='ltr'><strong>emendatioribus</strong></span> <span class='ocrx_word' id='word_1_266' title='bbox 758 3680 783 3730; x_wconf 81' lang='grc'><strong>3.</strong></span> <span class='ocrx_word' id='word_1_267' title='bbox 793 3678 877 3730; x_wconf 83' lang='lat' dir='ltr'><strong>Forte.</strong></span> <span class='ocrx_word' id='word_1_268' title='bbox 890 3671 1003 3726; x_wconf 88' lang='lat' dir='ltr'><strong>Circiter</strong></span> <span class='ocrx_word' id='word_1_269' title='bbox 1015 3674 1046 3724; x_wconf 85' lang='grc' dir='ltr'><strong>Α.</strong></span> <span class='ocrx_word' id='word_1_270' title='bbox 1059 3671 1093 3724; x_wconf 93' lang='lat' dir='ltr'><strong>U.</strong></span> <span class='ocrx_word' id='word_1_271' title='bbox 1106 3691 1172 3744; x_wconf 88' lang='lat'>77¹·</span> <span class='ocrx_word' id='word_1_272' title='bbox 1185 3705 1223 3719; x_wconf 80' lang='grc'><strong>.-</strong></span> 
     </span>
     <span class='ocr_line' id='line_1_34' title="bbox 165 3749 1315 3836; baseline -0.016 -17"><span class='ocrx_word' id='word_1_273' title='bbox 165 3767 241 3821; x_wconf 76' lang='lat' dir='ltr'><strong>MSS.</strong></span> <span class='ocrx_word' id='word_1_274' title='bbox 262 3765 372 3836; x_wconf 80' lang='lat' dir='ltr'><strong>legitur,</strong></span> <span class='ocrx_word' id='word_1_275' title='bbox 388 3764 451 3816; x_wconf 89' lang='lat' dir='ltr'><strong>item</strong></span> <span class='ocrx_word' id='word_1_276' title='bbox 468 3762 526 3814; x_wconf 83' lang='lat' dir='ltr'><strong>Coeo</strong></span> <span class='ocrx_word' id='word_1_277' title='bbox 540 3761 583 3812; x_wconf 81' lang='lat' dir='ltr'><strong>vel</strong></span> <span class='ocrx_word' id='word_1_278' title='bbox 605 3759 671 3820; x_wconf 86' lang='lat' dir='ltr'><strong>Ceo,</strong></span> <span class='ocrx_word' id='word_1_279' title='bbox 716 3758 860 3810; x_wconf 82' lang='lat' dir='ltr'><strong>Destinarit.</strong></span> <span class='ocrx_word' id='word_1_280' title='bbox 876 3749 1015 3807; x_wconf 79' lang='lat' dir='ltr'><strong>Tredecim</strong></span> <span class='ocrx_word' id='word_1_281' title='bbox 1029 3751 1103 3805; x_wconf 83' lang='lat' dir='ltr'><strong>MSS.</strong></span> <span class='ocrx_word' id='word_1_282' title='bbox 1117 3753 1224 3804; x_wconf 80' lang='lat' dir='ltr'><strong>destina·</strong></span> <span class='ocrx_word' id='word_1_283' title='bbox 1306 3792 1315 3808; x_wconf 80' lang='grc'><em>.</em></span> 
     </span>
     <span class='ocr_line' id='line_1_35' title="bbox 164 3829 1224 3900; baseline -0.015 0"><span class='ocrx_word' id='word_1_284' title='bbox 164 3849 193 3900; x_wconf 88' lang='lat' dir='ltr'><strong>in</strong></span> <span class='ocrx_word' id='word_1_285' title='bbox 208 3845 265 3899; x_wconf 85' lang='lat' dir='ltr'><strong>aliis</strong></span> <span class='ocrx_word' id='word_1_286' title='bbox 281 3845 343 3897; x_wconf 76' lang='lat' dir='ltr'><strong>Clio</strong></span> <span class='ocrx_word' id='word_1_287' title='bbox 356 3843 397 3897; x_wconf 84' lang='lat' dir='ltr'><strong>rel</strong></span> <span class='ocrx_word' id='word_1_288' title='bbox 416 3843 474 3895; x_wconf 86' lang='lat' dir='ltr'><strong>Coo.</strong></span> <span class='ocrx_word' id='word_1_289' title='bbox 490 3842 612 3894; x_wconf 78' lang='lat' dir='ltr'><strong>Diversus</strong></span> <span class='ocrx_word' id='word_1_290' title='bbox 628 3857 673 3896; x_wconf 85' lang='lat' dir='ltr'><strong>au·</strong></span> <span class='ocrx_word' id='word_1_291' title='bbox 717 3849 766 3899; x_wconf 78' lang='lat' dir='ltr'><strong>ret,</strong></span> <span class='ocrx_word' id='word_1_292' title='bbox 778 3849 874 3890; x_wconf 80' lang='lat' dir='ltr'><strong>etmox</strong></span> <span class='ocrx_word' id='word_1_293' title='bbox 883 3829 992 3886; x_wconf 90' lang='lat' dir='ltr'><strong>totidem</strong></span> <span class='ocrx_word' id='word_1_294' title='bbox 1005 3836 1144 3892; x_wconf 78' lang='lat' dir='ltr'><strong>oestr&#39;rnnret,</strong></span> <span class='ocrx_word' id='word_1_295' title='bbox 1158 3851 1224 3886; x_wconf 89' lang='lat' dir='ltr'><strong>non·</strong></span> 
     </span>
     <span class='ocr_line' id='line_1_36' title="bbox 165 3916 949 3979; baseline -0.02 1"><span class='ocrx_word' id='word_1_296' title='bbox 165 3940 219 3979; x_wconf 87' lang='lat' dir='ltr'><strong>tem</strong></span> <span class='ocrx_word' id='word_1_297' title='bbox 236 3927 333 3978; x_wconf 86' lang='lat' dir='ltr'><strong>insulas</strong></span> <span class='ocrx_word' id='word_1_298' title='bbox 357 3941 412 3976; x_wconf 79' lang='lat' dir='ltr'><strong>esse</strong></span> <span class='ocrx_word' id='word_1_299' title='bbox 438 3922 498 3975; x_wconf 81' lang='lat' dir='ltr'><strong>Ceos</strong></span> <span class='ocrx_word' id='word_1_300' title='bbox 520 3921 561 3973; x_wconf 85' lang='lat' dir='ltr'><strong>vel</strong></span> <span class='ocrx_word' id='word_1_301' title='bbox 583 3920 671 3976; x_wconf 81' lang='lat' dir='ltr'><strong>Coeor,</strong></span> <span class='ocrx_word' id='word_1_302' title='bbox 716 3916 783 3970; x_wconf 88' lang='lat' dir='ltr'><strong>nulli</strong></span> <span class='ocrx_word' id='word_1_303' title='bbox 796 3919 949 3968; x_wconf 72' lang='lat' dir='ltr'><strong>existimaret.</strong></span> 
     </span>
    </p>

    <p class='ocr_par' dir='ltr' id='par_1_9' title="bbox 166 3991 1226 4073">
     <span class='ocr_line' id='line_1_37' title="bbox 166 3991 1226 4073; baseline -0.014 -15"><span class='ocrx_word' id='word_1_304' title='bbox 166 4007 240 4058; x_wconf 76' lang='lat' dir='ltr'><strong>Chios</strong></span> <span class='ocrx_word' id='word_1_305' title='bbox 248 4019 275 4060; x_wconf 84' lang='lat' dir='ltr'><strong>et</strong></span> <span class='ocrx_word' id='word_1_306' title='bbox 285 4005 346 4064; x_wconf 87' lang='lat' dir='ltr'><strong>Cor,</strong></span> <span class='ocrx_word' id='word_1_307' title='bbox 357 4001 610 4073; x_wconf 75' lang='lat' dir='ltr'><strong>cosmographorum</strong></span> <span class='ocrx_word' id='word_1_308' title='bbox 619 4017 675 4051; x_wconf 89' lang='lat' dir='ltr'><strong>om·</strong></span> <span class='ocrx_word' id='word_1_309' title='bbox 758 4003 784 4060; x_wconf 68' lang='lat' dir='ltr'><strong>q.</strong></span> <span class='ocrx_word' id='word_1_310' title='bbox 813 3993 908 4046; x_wconf 81' lang='lat' dir='ltr'><strong>Cultiur</strong></span> <span class='ocrx_word' id='word_1_311' title='bbox 927 4003 1011 4044; x_wconf 79' lang='lat' dir='ltr'><strong>struto.</strong></span> <span class='ocrx_word' id='word_1_312' title='bbox 1034 3991 1133 4044; x_wconf 82' lang='lat' dir='ltr'><strong>Mulier</strong></span> <span class='ocrx_word' id='word_1_313' title='bbox 1150 3991 1226 4045; x_wconf 87' lang='lat' dir='ltr'><strong>mori</strong></span> 
     </span>
    </p>
   </div>
   <div class='ocr_carea' id='block_1_5' title="bbox 165 4071 1225 4203">
    <p class='ocr_par' dir='ltr' id='par_1_10' title="bbox 165 4071 1225 4203">
     <span class='ocr_line' id='line_1_38' title="bbox 165 4071 1225 4146; baseline -0.013 -8"><span class='ocrx_word' id='word_1_314' title='bbox 165 4087 238 4140; x_wconf 85' lang='lat' dir='ltr'><strong>nium</strong></span> <span class='ocrx_word' id='word_1_315' title='bbox 258 4104 387 4142; x_wconf 82' lang='lat' dir='ltr'><strong>consensu</strong></span> <span class='ocrx_word' id='word_1_316' title='bbox 403 4096 429 4138; x_wconf 89' lang='lat' dir='ltr'><strong>et</strong></span> <span class='ocrx_word' id='word_1_317' title='bbox 449 4079 673 4134; x_wconf 81' lang='lat' dir='ltr'><strong>demonstratione</strong></span> <span class='ocrx_word' id='word_1_318' title='bbox 716 4075 827 4146; x_wconf 81' lang='lat' dir='ltr'><strong>cupiens</strong></span> <span class='ocrx_word' id='word_1_319' title='bbox 840 4084 980 4127; x_wconf 83' lang='lat' dir='ltr'><strong>ornaverat</strong></span> <span class='ocrx_word' id='word_1_320' title='bbox 993 4072 1091 4126; x_wconf 87' lang='lat' dir='ltr'><strong>lectum</strong></span> <span class='ocrx_word' id='word_1_321' title='bbox 1104 4071 1225 4142; x_wconf 70' lang='lat' dir='ltr'><strong>magnili-</strong></span> 
     </span>
     <span class='ocr_line' id='line_1_39' title="bbox 1026 4166 1037 4203; baseline 0 0"><span class='ocrx_word' id='word_1_322' title='bbox 1026 4166 1037 4203; x_wconf 80' lang='lat' dir='ltr'><strong>s</strong></span> 
     </span>
    </p>
   </div>
   <div class='ocr_carea' id='block_1_6' title="bbox 997 4203 1021 4274">
    <p class='ocr_par' dir='ltr' id='par_1_11' title="bbox 997 4203 1021 4274">
     <span class='ocr_line' id='line_1_40' title="bbox 997 4203 1021 4274; baseline 0 0"><span class='ocrx_word' id='word_1_323' title='bbox 997 4203 1021 4274; x_wconf 84' lang='lat'>9</span> 
     </span>
    </p>
   </div>
   <div class='ocr_carea' id='block_1_7' title="bbox 0 0 1596 5132">
    <p class='ocr_par' dir='ltr' id='par_1_12' title="bbox 0 0 1596 5132">
     <span class='ocr_line' id='line_1_41' title="bbox 0 0 1596 5132; baseline 0 2"><span class='ocrx_word' id='word_1_324' title='bbox 0 0 1596 5132; x_wconf 95' lang='lat' dir='ltr'><strong> </strong></span> 
     </span>
    </p>
   </div>
  </div>
 </body>
</html>
