<?xml version="1.0" encoding="UTF-8"?>
<!DOCTYPE html PUBLIC "-//W3C//DTD XHTML 1.0 Transitional//EN"
    "http://www.w3.org/TR/xhtml1/DTD/xhtml1-transitional.dtd">
<html xmlns="http://www.w3.org/1999/xhtml" xml:lang="en" lang="en">
 <head>
  <title>
</title>
<meta http-equiv="Content-Type" content="text/html;charset=utf-8" />
  <meta name='ocr-system' content='tesseract 3.04.00' />
  <meta name='ocr-capabilities' content='ocr_page ocr_carea ocr_par ocr_line ocrx_word'/>
</head>
<body>
  <div class='ocr_page' id='page_1' title='image "./valeriusmaximus01lykogoog_0291.png"; bbox 0 0 3196 5122; ppageno 0'>
   <div class='ocr_carea' id='block_1_1' title="bbox 357 457 1229 546">
    <p class='ocr_par' dir='ltr' id='par_1_1' title="bbox 357 457 1229 546">
     <span class='ocr_line' id='line_1_1' title="bbox 357 457 1229 546; baseline -0.007 -14"><span class='ocrx_word' id='word_1_1' title='bbox 357 461 431 546; x_wconf 71' lang='lat'>264</span> <span class='ocrx_word' id='word_1_2' title='bbox 554 459 777 528; x_wconf 85' lang='lat' dir='ltr'>VALERII</span> <span class='ocrx_word' id='word_1_3' title='bbox 805 458 1011 526; x_wconf 86' lang='grc' dir='ltr'><strong>ΜΑΧΙΜΙ</strong></span> <span class='ocrx_word' id='word_1_4' title='bbox 1039 459 1135 526; x_wconf 92' lang='lat' dir='ltr'>LIB.</span> <span class='ocrx_word' id='word_1_5' title='bbox 1163 457 1229 527; x_wconf 88' lang='lat' dir='ltr'>lv.</span> 
     </span>
    </p>
   </div>
   <div class='ocr_carea' id='block_1_2' title="bbox 286 589 1420 795">
    <p class='ocr_par' dir='ltr' id='par_1_2' title="bbox 286 589 1420 795">
     <span class='ocr_line' id='line_1_2' title="bbox 286 589 1420 689; baseline 0.001 -28"><span class='ocrx_word' id='word_1_6' title='bbox 286 619 294 640; x_wconf 59' lang='lat'>³</span> <span class='ocrx_word' id='word_1_7' title='bbox 355 591 526 689; x_wconf 88' lang='lat' dir='ltr'>patiendo,</span> <span class='ocrx_word' id='word_1_8' title='bbox 546 615 639 686; x_wconf 83' lang='lat' dir='ltr'>paene</span> <span class='ocrx_word' id='word_1_9' title='bbox 658 603 788 658; x_wconf 90' lang='lat' dir='ltr'>tantum</span> <span class='ocrx_word' id='word_1_10' title='bbox 810 591 842 657; x_wconf 92' lang='lat' dir='ltr'>in</span> <span class='ocrx_word' id='word_1_11' title='bbox 858 589 1047 659; x_wconf 84' lang='lat' dir='ltr'>recusandis</span> <span class='ocrx_word' id='word_1_12' title='bbox 1059 589 1243 660; x_wconf 90' lang='lat' dir='ltr'>honoribus</span> <span class='ocrx_word' id='word_1_13' title='bbox 1256 615 1291 659; x_wconf 92' lang='lat' dir='ltr'>se</span> <span class='ocrx_word' id='word_1_14' title='bbox 1306 594 1420 688; x_wconf 79' lang='lat' dir='ltr'>gessit,</span> 
     </span>
     <span class='ocr_line' id='line_1_3' title="bbox 354 688 1129 795; baseline -0.008 -27"><span class='ocrx_word' id='word_1_15' title='bbox 354 712 515 795; x_wconf 89' lang='lat' dir='ltr'>quantum</span> <span class='ocrx_word' id='word_1_16' title='bbox 532 709 677 790; x_wconf 83' lang='lat' dir='ltr'>gesserat</span> <span class='ocrx_word' id='word_1_17' title='bbox 691 698 726 764; x_wconf 90' lang='lat' dir='ltr'>in</span> <span class='ocrx_word' id='word_1_18' title='bbox 741 696 934 766; x_wconf 89' lang='lat' dir='ltr'>emerendis.</span> <span class='ocrx_word' id='word_1_19' title='bbox 1125 688 1129 697; x_wconf 66' lang='grc'><em>’</em></span> 
     </span>
    </p>
   </div>
   <div class='ocr_carea' id='block_1_3' title="bbox 353 818 1421 1554">
    <p class='ocr_par' dir='ltr' id='par_1_3' title="bbox 353 818 1421 1554">
     <span class='ocr_line' id='line_1_4' title="bbox 408 818 1420 890; baseline 0 0"><span class='ocrx_word' id='word_1_20' title='bbox 408 819 535 890; x_wconf 90' lang='lat' dir='ltr'>Eodem</span> <span class='ocrx_word' id='word_1_21' title='bbox 564 820 685 888; x_wconf 86' lang='lat' dir='ltr'>robore</span> <span class='ocrx_word' id='word_1_22' title='bbox 713 821 833 889; x_wconf 90' lang='lat' dir='ltr'>mentis</span> <span class='ocrx_word' id='word_1_23' title='bbox 860 843 993 889; x_wconf 90' lang='lat' dir='ltr'>causam</span> <span class='ocrx_word' id='word_1_24' title='bbox 1023 818 1217 888; x_wconf 79' lang='lat' dir='ltr'>Hannibalis</span> <span class='ocrx_word' id='word_1_25' title='bbox 1243 821 1276 887; x_wconf 92' lang='lat' dir='ltr'>in</span> <span class='ocrx_word' id='word_1_26' title='bbox 1305 835 1420 890; x_wconf 88' lang='lat' dir='ltr'>senatu</span> 
     </span>
     <span class='ocr_line' id='line_1_5' title="bbox 356 923 1419 1023; baseline 0 -28"><span class='ocrx_word' id='word_1_27' title='bbox 356 927 518 1023; x_wconf 84' lang='lat' dir='ltr'>protexit,</span> <span class='ocrx_word' id='word_1_28' title='bbox 531 951 633 1019; x_wconf 91' lang='lat' dir='ltr'>quum</span> <span class='ocrx_word' id='word_1_29' title='bbox 646 951 721 996; x_wconf 90' lang='lat' dir='ltr'>eum</span> <span class='ocrx_word' id='word_1_30' title='bbox 735 928 823 996; x_wconf 87' lang='lat' dir='ltr'>cives</span> <span class='ocrx_word' id='word_1_31' title='bbox 838 929 887 996; x_wconf 91' lang='lat' dir='ltr'>sui</span> <span class='ocrx_word' id='word_1_32' title='bbox 900 927 1005 995; x_wconf 90' lang='lat' dir='ltr'>missis</span> <span class='ocrx_word' id='word_1_33' title='bbox 1020 923 1134 1022; x_wconf 85' lang='lat' dir='ltr'>legatis</span> <span class='ocrx_word' id='word_1_34' title='bbox 1151 941 1320 1021; x_wconf 89' lang='lat' dir='ltr'>tamquam</span> <span class='ocrx_word' id='word_1_35' title='bbox 1337 926 1419 995; x_wconf 90' lang='lat' dir='ltr'>sedi·</span> 
     </span>
     <span class='ocr_line' id='line_1_6' title="bbox 356 1031 1420 1128; baseline 0 -26"><span class='ocrx_word' id='word_1_36' title='bbox 356 1035 462 1102; x_wconf 90' lang='lat' dir='ltr'>tiones</span> <span class='ocrx_word' id='word_1_37' title='bbox 483 1032 571 1127; x_wconf 89' lang='lat' dir='ltr'>apud</span> <span class='ocrx_word' id='word_1_38' title='bbox 592 1057 648 1102; x_wconf 90' lang='lat' dir='ltr'>eos</span> <span class='ocrx_word' id='word_1_39' title='bbox 671 1047 860 1102; x_wconf 86' lang='lat' dir='ltr'>moventem</span> <span class='ocrx_word' id='word_1_40' title='bbox 882 1031 1103 1102; x_wconf 86' lang='lat' dir='ltr'>accusarent¹.</span> <span class='ocrx_word' id='word_1_41' title='bbox 1126 1033 1254 1126; x_wconf 87' lang='lat' dir='ltr'>Adjecit</span> <span class='ocrx_word' id='word_1_42' title='bbox 1273 1059 1420 1128; x_wconf 89' lang='lat' dir='ltr'>quoque,</span> 
     </span>
     <span class='ocr_line' id='line_1_7' title="bbox 355 1127 1419 1236; baseline -0.001 -27"><span class='ocrx_word' id='word_1_43' title='bbox 355 1163 426 1210; x_wconf 81' lang='lat' dir='ltr'>non</span> <span class='ocrx_word' id='word_1_44' title='bbox 448 1155 605 1235; x_wconf 82' lang='lat' dir='ltr'><em>oportere</em></span> <span class='ocrx_word' id='word_1_45' title='bbox 619 1155 742 1234; x_wconf 83' lang='lat' dir='ltr'>patres</span> <span class='ocrx_word' id='word_1_46' title='bbox 763 1145 973 1236; x_wconf 73' lang='lat' dir='ltr'>conscriptos</span> <span class='ocrx_word' id='word_1_47' title='bbox 997 1165 1035 1208; x_wconf 87' lang='lat' dir='ltr'>se</span> <span class='ocrx_word' id='word_1_48' title='bbox 1054 1127 1249 1235; x_wconf 76' lang='lat' dir='ltr'>reipublicae</span> <span class='ocrx_word' id='word_1_49' title='bbox 1271 1141 1419 1210; x_wconf 80' lang='lat' dir='ltr'>Cartha-</span> 
     </span>
     <span class='ocr_line' id='line_1_8' title="bbox 353 1245 1421 1342; baseline 0 -27"><span class='ocrx_word' id='word_1_50' title='bbox 353 1249 555 1341; x_wconf 71' lang='lat' dir='ltr'>giniensium</span> <span class='ocrx_word' id='word_1_51' title='bbox 578 1245 824 1342; x_wconf 81' lang='lat' dir='ltr'>interponere²:</span> <span class='ocrx_word' id='word_1_52' title='bbox 847 1245 1067 1340; x_wconf 88' lang='lat' dir='ltr'>altissimaque</span> <span class='ocrx_word' id='word_1_53' title='bbox 1091 1245 1317 1314; x_wconf 82' lang='lat' dir='ltr'>moderatione</span> <span class='ocrx_word' id='word_1_54' title='bbox 1343 1245 1421 1315; x_wconf 90' lang='lat' dir='ltr'>altc-</span> 
     </span>
     <span class='ocr_line' id='line_1_9' title="bbox 356 1350 1421 1447; baseline 0 -27"><span class='ocrx_word' id='word_1_55' title='bbox 356 1354 425 1421; x_wconf 92' lang='lat' dir='ltr'>rius</span> <span class='ocrx_word' id='word_1_56' title='bbox 458 1350 554 1421; x_wconf 92' lang='lat' dir='ltr'>saluti</span> <span class='ocrx_word' id='word_1_57' title='bbox 584 1351 765 1439; x_wconf 92' lang='lat' dir='ltr'>consuluit,</span> <span class='ocrx_word' id='word_1_58' title='bbox 793 1351 927 1422; x_wconf 87' lang='lat' dir='ltr'>alterius</span> <span class='ocrx_word' id='word_1_59' title='bbox 954 1351 1129 1447; x_wconf 86' lang='lat' dir='ltr'>dignitati;</span> <span class='ocrx_word' id='word_1_60' title='bbox 1159 1354 1298 1421; x_wconf 87' lang='lat' dir='ltr'>victoria</span> <span class='ocrx_word' id='word_1_61' title='bbox 1326 1368 1421 1422; x_wconf 90' lang='lat' dir='ltr'>tenus</span> 
     </span>
     <span class='ocr_line' id='line_1_10' title="bbox 358 1459 1000 1554; baseline -0.003 -26"><span class='ocrx_word' id='word_1_62' title='bbox 358 1459 530 1552; x_wconf 89' lang='lat' dir='ltr'>utriusque</span> <span class='ocrx_word' id='word_1_63' title='bbox 548 1459 678 1528; x_wconf 88' lang='lat' dir='ltr'>hostem</span> <span class='ocrx_word' id='word_1_64' title='bbox 694 1461 799 1554; x_wconf 84' lang='lat' dir='ltr'>egisse</span> <span class='ocrx_word' id='word_1_65' title='bbox 814 1473 1000 1528; x_wconf 90' lang='lat' dir='ltr'>contentus.</span> 
     </span>
    </p>
   </div>
   <div class='ocr_carea' id='block_1_4' title="bbox 358 1568 1424 2530">
    <p class='ocr_par' dir='ltr' id='par_1_4' title="bbox 358 1568 1424 2530">
     <span class='ocr_line' id='line_1_11' title="bbox 414 1568 1422 1678; baseline 0 -28"><span class='ocrx_word' id='word_1_66' title='bbox 414 1607 447 1678; x_wconf 86' lang='lat'>7.</span> <span class='ocrx_word' id='word_1_67' title='bbox 468 1584 512 1650; x_wconf 81' lang='lat' dir='ltr'>At</span> <span class='ocrx_word' id='word_1_68' title='bbox 526 1583 573 1650; x_wconf 90' lang='lat' dir='ltr'>M.</span> <span class='ocrx_word' id='word_1_69' title='bbox 590 1568 797 1670; x_wconf 79' lang='lat' dir='ltr'>Marcellus³,</span> <span class='ocrx_word' id='word_1_70' title='bbox 811 1585 867 1677; x_wconf 89' lang='lat' dir='ltr'>qui</span> <span class='ocrx_word' id='word_1_71' title='bbox 886 1585 1012 1678; x_wconf 89' lang='lat' dir='ltr'>primus</span> <span class='ocrx_word' id='word_1_72' title='bbox 1029 1597 1062 1651; x_wconf 90' lang='lat' dir='ltr'>et</span> <span class='ocrx_word' id='word_1_73' title='bbox 1080 1582 1299 1652; x_wconf 88' lang='lat' dir='ltr'>Hannibalem</span> <span class='ocrx_word' id='word_1_74' title='bbox 1318 1584 1422 1668; x_wconf 77' lang='lat' dir='ltr'>vinci,</span> 
     </span>
     <span class='ocr_line' id='line_1_12' title="bbox 359 1687 1421 1784; baseline -0.003 -24"><span class='ocrx_word' id='word_1_75' title='bbox 359 1704 393 1760; x_wconf 88' lang='lat' dir='ltr'>et</span> <span class='ocrx_word' id='word_1_76' title='bbox 404 1690 582 1782; x_wconf 77' lang='lat' dir='ltr'>Syracusas</span> <span class='ocrx_word' id='word_1_77' title='bbox 598 1690 671 1784; x_wconf 81' lang='lat' dir='ltr'>capi</span> <span class='ocrx_word' id='word_1_78' title='bbox 690 1713 786 1784; x_wconf 90' lang='lat' dir='ltr'>posse</span> <span class='ocrx_word' id='word_1_79' title='bbox 801 1687 931 1778; x_wconf 91' lang='lat' dir='ltr'>docuit,</span> <span class='ocrx_word' id='word_1_80' title='bbox 946 1714 1049 1783; x_wconf 92' lang='lat' dir='ltr'>quum</span> <span class='ocrx_word' id='word_1_81' title='bbox 1064 1689 1096 1757; x_wconf 94' lang='lat' dir='ltr'>in</span> <span class='ocrx_word' id='word_1_82' title='bbox 1112 1689 1285 1759; x_wconf 85' lang='lat' dir='ltr'>consulatu</span> <span class='ocrx_word' id='word_1_83' title='bbox 1296 1689 1364 1783; x_wconf 83' lang='lat' dir='ltr'>ejus</span> <span class='ocrx_word' id='word_1_84' title='bbox 1375 1691 1421 1757; x_wconf 89' lang='lat' dir='ltr'>Si·</span> 
     </span>
     <span class='ocr_line' id='line_1_13' title="bbox 360 1793 1421 1889; baseline -0.001 -25"><span class='ocrx_word' id='word_1_85' title='bbox 360 1793 426 1864; x_wconf 90' lang='lat' dir='ltr'>culi</span> <span class='ocrx_word' id='word_1_86' title='bbox 445 1795 485 1864; x_wconf 91' lang='lat' dir='ltr'>de</span> <span class='ocrx_word' id='word_1_87' title='bbox 503 1819 543 1863; x_wconf 89' lang='lat' dir='ltr'>eo</span> <span class='ocrx_word' id='word_1_88' title='bbox 562 1810 715 1889; x_wconf 91' lang='lat' dir='ltr'>questum</span> <span class='ocrx_word' id='word_1_89' title='bbox 729 1797 763 1864; x_wconf 92' lang='lat' dir='ltr'>in</span> <span class='ocrx_word' id='word_1_90' title='bbox 778 1796 894 1876; x_wconf 88' lang='lat' dir='ltr'>urbem</span> <span class='ocrx_word' id='word_1_91' title='bbox 915 1793 1097 1882; x_wconf 90' lang='lat' dir='ltr'>venissent,</span> <span class='ocrx_word' id='word_1_92' title='bbox 1116 1822 1178 1866; x_wconf 88' lang='lat' dir='ltr'>nec</span> <span class='ocrx_word' id='word_1_93' title='bbox 1192 1811 1340 1865; x_wconf 90' lang='lat' dir='ltr'>senatum</span> <span class='ocrx_word' id='word_1_94' title='bbox 1355 1793 1421 1864; x_wconf 89' lang='lat' dir='ltr'>ulla</span> 
     </span>
     <span class='ocr_line' id='line_1_14' title="bbox 360 1901 1422 1998; baseline 0 -28"><span class='ocrx_word' id='word_1_95' title='bbox 360 1901 401 1970; x_wconf 91' lang='lat' dir='ltr'>de</span> <span class='ocrx_word' id='word_1_96' title='bbox 424 1926 459 1970; x_wconf 91' lang='lat' dir='ltr'>re</span> <span class='ocrx_word' id='word_1_97' title='bbox 478 1901 610 1991; x_wconf 90' lang='lat' dir='ltr'>habuit,</span> <span class='ocrx_word' id='word_1_98' title='bbox 627 1905 705 1998; x_wconf 88' lang='lat' dir='ltr'>quia</span> <span class='ocrx_word' id='word_1_99' title='bbox 719 1901 844 1998; x_wconf 86' lang='lat' dir='ltr'>collega</span> <span class='ocrx_word' id='word_1_100' title='bbox 851 1902 1003 1973; x_wconf 86' lang='lat' dir='ltr'>Valerius</span> <span class='ocrx_word' id='word_1_101' title='bbox 1021 1904 1174 1972; x_wconf 82' lang='lat' dir='ltr'>Laevinus</span> <span class='ocrx_word' id='word_1_102' title='bbox 1190 1901 1274 1972; x_wconf 90' lang='lat' dir='ltr'>forte</span> <span class='ocrx_word' id='word_1_103' title='bbox 1293 1904 1422 1990; x_wconf 78' lang='lat' dir='ltr'>aberat3</span> 
     </span>
     <span class='ocr_line' id='line_1_15' title="bbox 359 2007 1423 2104; baseline 0.001 -28"><span class='ocrx_word' id='word_1_104' title='bbox 359 2033 402 2076; x_wconf 91' lang='lat' dir='ltr'>ne</span> <span class='ocrx_word' id='word_1_105' title='bbox 424 2009 468 2078; x_wconf 93' lang='lat' dir='ltr'>ob</span> <span class='ocrx_word' id='word_1_106' title='bbox 490 2007 523 2077; x_wconf 91' lang='lat' dir='ltr'>id</span> <span class='ocrx_word' id='word_1_107' title='bbox 545 2008 644 2080; x_wconf 87' lang='lat' dir='ltr'>Siculi</span> <span class='ocrx_word' id='word_1_108' title='bbox 668 2012 701 2078; x_wconf 93' lang='lat' dir='ltr'>in</span> <span class='ocrx_word' id='word_1_109' title='bbox 725 2009 894 2104; x_wconf 90' lang='lat' dir='ltr'>querendo</span> <span class='ocrx_word' id='word_1_110' title='bbox 922 2009 1102 2078; x_wconf 90' lang='lat' dir='ltr'>timidiores</span> <span class='ocrx_word' id='word_1_111' title='bbox 1126 2025 1258 2078; x_wconf 89' lang='lat' dir='ltr'>essent:</span> <span class='ocrx_word' id='word_1_112' title='bbox 1281 2024 1314 2078; x_wconf 91' lang='lat' dir='ltr'>et</span> <span class='ocrx_word' id='word_1_113' title='bbox 1335 2023 1372 2077; x_wconf 92' lang='lat' dir='ltr'>ut</span> <span class='ocrx_word' id='word_1_114' title='bbox 1396 2011 1423 2077; x_wconf 91' lang='lat' dir='ltr'>is</span> 
     </span>
     <span class='ocr_line' id='line_1_16' title="bbox 358 2113 1422 2210; baseline 0 -28"><span class='ocrx_word' id='word_1_115' title='bbox 358 2115 474 2202; x_wconf 89' lang='lat' dir='ltr'>rediit,</span> <span class='ocrx_word' id='word_1_116' title='bbox 492 2114 580 2184; x_wconf 88' lang='lat' dir='ltr'>ultro</span> <span class='ocrx_word' id='word_1_117' title='bbox 604 2116 646 2185; x_wconf 92' lang='lat' dir='ltr'>de</span> <span class='ocrx_word' id='word_1_118' title='bbox 668 2117 718 2185; x_wconf 83' lang='lat' dir='ltr'>his</span> <span class='ocrx_word' id='word_1_119' title='bbox 737 2115 946 2186; x_wconf 85' lang='lat' dir='ltr'>admittendis</span> <span class='ocrx_word' id='word_1_120' title='bbox 967 2113 1094 2204; x_wconf 87' lang='lat' dir='ltr'>retulit,</span> <span class='ocrx_word' id='word_1_121' title='bbox 1116 2131 1356 2210; x_wconf 86' lang='lat' dir='ltr'>querentesque</span> <span class='ocrx_word' id='word_1_122' title='bbox 1382 2113 1422 2182; x_wconf 88' lang='lat' dir='ltr'>de</span> 
     </span>
     <span class='ocr_line' id='line_1_17' title="bbox 360 2222 1423 2316; baseline -0.001 -26"><span class='ocrx_word' id='word_1_123' title='bbox 360 2245 394 2290; x_wconf 88' lang='lat' dir='ltr'>se</span> <span class='ocrx_word' id='word_1_124' title='bbox 414 2223 577 2316; x_wconf 89' lang='lat' dir='ltr'>patienter</span> <span class='ocrx_word' id='word_1_125' title='bbox 597 2223 761 2291; x_wconf 89' lang='lat' dir='ltr'>sustinuit.</span> <span class='ocrx_word' id='word_1_126' title='bbox 787 2225 900 2293; x_wconf 88' lang='lat' dir='ltr'>Jussos</span> <span class='ocrx_word' id='word_1_127' title='bbox 922 2224 1020 2292; x_wconf 88' lang='lat' dir='ltr'>etiam</span> <span class='ocrx_word' id='word_1_128' title='bbox 1043 2247 1062 2290; x_wconf 92' lang='lat' dir='ltr'>a</span> <span class='ocrx_word' id='word_1_129' title='bbox 1085 2223 1220 2292; x_wconf 86' lang='lat' dir='ltr'>Laevino</span> <span class='ocrx_word' id='word_1_130' title='bbox 1240 2222 1423 2308; x_wconf 83' lang='lat' dir='ltr'>discedere,</span> 
     </span>
     <span class='ocr_line' id='line_1_18' title="bbox 360 2327 1424 2424; baseline 0 -28"><span class='ocrx_word' id='word_1_131' title='bbox 360 2352 546 2413; x_wconf 89' lang='lat' dir='ltr'>remanere,</span> <span class='ocrx_word' id='word_1_132' title='bbox 561 2341 598 2395; x_wconf 93' lang='lat' dir='ltr'>ut</span> <span class='ocrx_word' id='word_1_133' title='bbox 612 2352 678 2396; x_wconf 80' lang='lat' dir='ltr'>suae</span> <span class='ocrx_word' id='word_1_134' title='bbox 692 2327 874 2399; x_wconf 85' lang='lat' dir='ltr'>defensioni</span> <span class='ocrx_word' id='word_1_135' title='bbox 889 2331 1096 2414; x_wconf 88' lang='lat' dir='ltr'>interessent,</span> <span class='ocrx_word' id='word_1_136' title='bbox 1110 2331 1227 2424; x_wconf 87' lang='lat' dir='ltr'>coegit.</span> <span class='ocrx_word' id='word_1_137' title='bbox 1243 2331 1291 2399; x_wconf 77' lang='lat' dir='ltr'>Ac</span> <span class='ocrx_word' id='word_1_138' title='bbox 1305 2328 1424 2397; x_wconf 88' lang='lat' dir='ltr'>deinde</span> 
     </span>
     <span class='ocr_line' id='line_1_19' title="bbox 361 2421 1423 2530; baseline 0.004 -30"><span class='ocrx_word' id='word_1_139' title='bbox 361 2448 501 2527; x_wconf 89' lang='lat' dir='ltr'>utraque</span> <span class='ocrx_word' id='word_1_140' title='bbox 515 2447 609 2526; x_wconf 85' lang='lat' dir='ltr'>parte</span> <span class='ocrx_word' id='word_1_141' title='bbox 621 2448 773 2527; x_wconf 88' lang='lat' dir='ltr'>perorata</span> <span class='ocrx_word' id='word_1_142' title='bbox 782 2421 806 2523; x_wconf 72' lang='lat'>⁴,</span> <span class='ocrx_word' id='word_1_143' title='bbox 819 2437 916 2504; x_wconf 87' lang='lat' dir='ltr'>etiam</span> <span class='ocrx_word' id='word_1_144' title='bbox 929 2435 1124 2506; x_wconf 84' lang='lat' dir='ltr'>excedentes</span> <span class='ocrx_word' id='word_1_145' title='bbox 1138 2437 1229 2506; x_wconf 89' lang='lat' dir='ltr'>curia</span> <span class='ocrx_word' id='word_1_146' title='bbox 1242 2436 1423 2530; x_wconf 88' lang='lat' dir='ltr'>subsequu-</span> 
     </span>
    </p>
   </div>
   <div class='ocr_carea' id='block_1_5' title="bbox 360 2641 1424 4235">
    <p class='ocr_par' dir='ltr' id='par_1_5' title="bbox 363 2641 1424 2876">
     <span class='ocr_line' id='line_1_20' title="bbox 363 2641 1423 2712; baseline 0.002 -18"><span class='ocrx_word' id='word_1_147' title='bbox 363 2659 460 2712; x_wconf 87' lang='lat' dir='ltr'>nempe</span> <span class='ocrx_word' id='word_1_148' title='bbox 475 2643 593 2693; x_wconf 75' lang='lat' dir='ltr'>boaomm.</span> <span class='ocrx_word' id='word_1_149' title='bbox 609 2643 722 2696; x_wconf 85' lang='lat' dir='ltr'>Torren.</span> <span class='ocrx_word' id='word_1_150' title='bbox 737 2641 821 2696; x_wconf 90' lang='lat' dir='ltr'>edidit</span> <span class='ocrx_word' id='word_1_151' title='bbox 835 2648 871 2696; x_wconf 83' lang='lat' dir='ltr'>ru&#39;·</span> <span class='ocrx_word' id='word_1_152' title='bbox 955 2645 982 2697; x_wconf 88' lang='grc'>3.</span> <span class='ocrx_word' id='word_1_153' title='bbox 1003 2645 1041 2698; x_wconf 85' lang='grc' dir='ltr'>Μ.</span> <span class='ocrx_word' id='word_1_154' title='bbox 1064 2644 1203 2698; x_wconf 69' lang='lat' dir='ltr'>Marcellia.</span> <span class='ocrx_word' id='word_1_155' title='bbox 1223 2646 1274 2697; x_wconf 79' lang='lat' dir='ltr'>An.</span> <span class='ocrx_word' id='word_1_156' title='bbox 1297 2645 1335 2699; x_wconf 93' lang='lat' dir='ltr'>U.</span> <span class='ocrx_word' id='word_1_157' title='bbox 1358 2645 1423 2707; x_wconf 75' lang='lat'>543.</span> 
     </span>
     <span class='ocr_line' id='line_1_21' title="bbox 364 2720 1424 2794; baseline 0.004 -22"><span class='ocrx_word' id='word_1_158' title='bbox 364 2721 401 2772; x_wconf 84' lang='lat' dir='ltr'>fu‘l</span> <span class='ocrx_word' id='word_1_159' title='bbox 417 2721 477 2783; x_wconf 84' lang='lat' dir='ltr'>sibi,</span> <span class='ocrx_word' id='word_1_160' title='bbox 496 2720 676 2792; x_wconf 67' lang='lat' dir='ltr'>preeuntibus</span> <span class='ocrx_word' id='word_1_161' title='bbox 698 2721 774 2777; x_wconf 82' lang='lat' dir='ltr'>MSS.</span> <span class='ocrx_word' id='word_1_162' title='bbox 797 2742 870 2777; x_wconf 91' lang='lat' dir='ltr'>com·</span> <span class='ocrx_word' id='word_1_163' title='bbox 916 2721 981 2777; x_wconf 86' lang='lat' dir='ltr'>Vid.</span> <span class='ocrx_word' id='word_1_164' title='bbox 993 2725 1051 2776; x_wconf 86' lang='lat' dir='ltr'>Liv.</span> <span class='ocrx_word' id='word_1_165' title='bbox 1066 2725 1177 2786; x_wconf 86' lang='lat' dir='ltr'>XXVI,</span> <span class='ocrx_word' id='word_1_166' title='bbox 1194 2728 1245 2787; x_wconf 73' lang='lat'>26,</span> <span class='ocrx_word' id='word_1_167' title='bbox 1261 2743 1316 2794; x_wconf 71' lang='lat'>29,</span> <span class='ocrx_word' id='word_1_168' title='bbox 1331 2725 1424 2778; x_wconf 77' lang='lat'>30.-</span> 
     </span>
     <span class='ocr_line' id='line_1_22' title="bbox 363 2801 1422 2876; baseline 0.003 -23"><span class='ocrx_word' id='word_1_169' title='bbox 363 2801 493 2871; x_wconf 89' lang='lat' dir='ltr'>pluribus.</span> <span class='ocrx_word' id='word_1_170' title='bbox 917 2803 999 2856; x_wconf 81' lang='lat' dir='ltr'>Vinci.</span> <span class='ocrx_word' id='word_1_171' title='bbox 1022 2802 1101 2874; x_wconf 79' lang='lat' dir='ltr'>Apud</span> <span class='ocrx_word' id='word_1_172' title='bbox 1116 2803 1220 2856; x_wconf 86' lang='lat' dir='ltr'>Nolam.</span> <span class='ocrx_word' id='word_1_173' title='bbox 1236 2835 1276 2846; x_wconf 91' lang='lat'>·-</span> <span class='ocrx_word' id='word_1_174' title='bbox 1291 2803 1422 2876; x_wconf 72' lang='lat' dir='ltr'>Syracusas</span> 
     </span>
    </p>

    <p class='ocr_par' dir='ltr' id='par_1_6' title="bbox 363 2880 1423 3912">
     <span class='ocr_line' id='line_1_23' title="bbox 408 2880 1422 2954; baseline 0 -20"><span class='ocrx_word' id='word_1_175' title='bbox 408 2899 432 2933; x_wconf 85' lang='lat' dir='ltr'>r.</span> <span class='ocrx_word' id='word_1_176' title='bbox 450 2880 592 2935; x_wconf 54' lang='grc' dir='ltr'><strong>Μυκη...</strong></span> <span class='ocrx_word' id='word_1_177' title='bbox 609 2895 755 2934; x_wconf 81' lang='lat' dir='ltr'>accusarent.</span> <span class='ocrx_word' id='word_1_178' title='bbox 770 2884 820 2935; x_wconf 78' lang='lat' dir='ltr'>An.</span> <span class='ocrx_word' id='word_1_179' title='bbox 835 2881 870 2936; x_wconf 91' lang='lat' dir='ltr'>U.</span> <span class='ocrx_word' id='word_1_180' title='bbox 916 2886 978 2952; x_wconf 84' lang='lat' dir='ltr'>capi.</span> <span class='ocrx_word' id='word_1_181' title='bbox 990 2883 1071 2954; x_wconf 88' lang='lat' dir='ltr'>Cujus</span> <span class='ocrx_word' id='word_1_182' title='bbox 1080 2881 1237 2936; x_wconf 85' lang='lat' dir='ltr'>difficillima</span> <span class='ocrx_word' id='word_1_183' title='bbox 1247 2901 1277 2936; x_wconf 85' lang='lat' dir='ltr'>ac</span> <span class='ocrx_word' id='word_1_184' title='bbox 1289 2901 1372 2954; x_wconf 87' lang='lat' dir='ltr'>prope</span> <span class='ocrx_word' id='word_1_185' title='bbox 1383 2884 1422 2934; x_wconf 86' lang='lat' dir='ltr'>iu·</span> 
     </span>
     <span class='ocr_line' id='line_1_24' title="bbox 367 2960 1421 3034; baseline 0 -21"><span class='ocrx_word' id='word_1_186' title='bbox 367 2960 432 3016; x_wconf 77' lang='lat'>⁵5⁸.</span> <span class='ocrx_word' id='word_1_187' title='bbox 455 2961 563 3025; x_wconf 84' lang='lat' dir='ltr'>Livius,</span> <span class='ocrx_word' id='word_1_188' title='bbox 581 2961 717 3028; x_wconf 85' lang='lat' dir='ltr'>XXXIII,</span> <span class='ocrx_word' id='word_1_189' title='bbox 734 2969 780 3033; x_wconf 71' lang='lat'>47.</span> <span class='ocrx_word' id='word_1_190' title='bbox 800 2963 871 3014; x_wconf 81' lang='lat' dir='ltr'>Pro:</span> <span class='ocrx_word' id='word_1_191' title='bbox 916 2960 1049 3016; x_wconf 88' lang='lat' dir='ltr'>credibilis</span> <span class='ocrx_word' id='word_1_192' title='bbox 1066 2961 1117 3014; x_wconf 90' lang='lat' dir='ltr'>fuit</span> <span class='ocrx_word' id='word_1_193' title='bbox 1131 2963 1309 3034; x_wconf 72' lang='lat' dir='ltr'>expugnatio:</span> <span class='ocrx_word' id='word_1_194' title='bbox 1324 2962 1421 3034; x_wconf 69' lang='lat' dir='ltr'>quiippe</span> 
     </span>
     <span class='ocr_line' id='line_1_25' title="bbox 365 3041 1421 3116; baseline 0.003 -25"><span class='ocrx_word' id='word_1_195' title='bbox 365 3044 425 3092; x_wconf 73' lang='lat' dir='ltr'>cives</span> <span class='ocrx_word' id='word_1_196' title='bbox 446 3046 486 3094; x_wconf 79' lang='lat' dir='ltr'>sui</span> <span class='ocrx_word' id='word_1_197' title='bbox 508 3045 583 3093; x_wconf 75' lang='lat' dir='ltr'>missis</span> <span class='ocrx_word' id='word_1_198' title='bbox 604 3043 705 3111; x_wconf 73' lang='lat' dir='ltr'>legatis,</span> <span class='ocrx_word' id='word_1_199' title='bbox 729 3042 756 3094; x_wconf 91' lang='lat' dir='ltr'>in</span> <span class='ocrx_word' id='word_1_200' title='bbox 781 3041 873 3096; x_wconf 86' lang='lat' dir='ltr'>codice</span> <span class='ocrx_word' id='word_1_201' title='bbox 916 3059 998 3116; x_wconf 89' lang='lat' dir='ltr'>quum</span> <span class='ocrx_word' id='word_1_202' title='bbox 1014 3043 1078 3094; x_wconf 89' lang='lat' dir='ltr'>urbs</span> <span class='ocrx_word' id='word_1_203' title='bbox 1094 3043 1148 3112; x_wconf 83' lang='lat' dir='ltr'>ipsa</span> <span class='ocrx_word' id='word_1_204' title='bbox 1163 3043 1251 3095; x_wconf 85' lang='lat' dir='ltr'>simet</span> <span class='ocrx_word' id='word_1_205' title='bbox 1265 3055 1357 3096; x_wconf 83' lang='lat' dir='ltr'>natura</span> <span class='ocrx_word' id='word_1_206' title='bbox 1371 3041 1421 3094; x_wconf 87' lang='lat' dir='ltr'>soli</span> 
     </span>
     <span class='ocr_line' id='line_1_26' title="bbox 365 3119 1423 3194; baseline 0.002 -22"><span class='ocrx_word' id='word_1_207' title='bbox 365 3121 503 3192; x_wconf 85' lang='lat' dir='ltr'>Ultraject.</span> <span class='ocrx_word' id='word_1_208' title='bbox 517 3121 597 3192; x_wconf 86' lang='lat' dir='ltr'>prim.</span> <span class='ocrx_word' id='word_1_209' title='bbox 611 3133 637 3174; x_wconf 89' lang='lat' dir='ltr'>et</span> <span class='ocrx_word' id='word_1_210' title='bbox 651 3123 725 3176; x_wconf 84' lang='lat' dir='ltr'>Rem.</span> <span class='ocrx_word' id='word_1_211' title='bbox 742 3128 872 3176; x_wconf 79' lang='lat' dir='ltr'>est:ciues</span> <span class='ocrx_word' id='word_1_212' title='bbox 916 3119 1296 3184; x_wconf 82' lang='lat' dir='ltr'>validissima,munitionibus</span> <span class='ocrx_word' id='word_1_213' title='bbox 1318 3139 1423 3194; x_wconf 83' lang='lat' dir='ltr'>qaoque</span> 
     </span>
     <span class='ocr_line' id='line_1_27' title="bbox 365 3199 1423 3272; baseline 0.005 -22"><span class='ocrx_word' id='word_1_214' title='bbox 365 3203 493 3268; x_wconf 64' lang='lat' dir='ltr'>summatis</span> <span class='ocrx_word' id='word_1_215' title='bbox 508 3201 607 3270; x_wconf 78' lang='lat' dir='ltr'>legatis,</span> <span class='ocrx_word' id='word_1_216' title='bbox 624 3199 652 3252; x_wconf 92' lang='lat' dir='ltr'>id</span> <span class='ocrx_word' id='word_1_217' title='bbox 661 3213 699 3254; x_wconf 87' lang='lat' dir='ltr'>est</span> <span class='ocrx_word' id='word_1_218' title='bbox 708 3203 768 3253; x_wconf 86' lang='lat' dir='ltr'>clam</span> <span class='ocrx_word' id='word_1_219' title='bbox 781 3205 870 3262; x_wconf 69' lang='lat' dir='ltr'>missis,</span> <span class='ocrx_word' id='word_1_220' title='bbox 916 3199 1073 3260; x_wconf 75' lang='lat' dir='ltr'>finitissimis</span> <span class='ocrx_word' id='word_1_221' title='bbox 1093 3199 1213 3272; x_wconf 87' lang='lat' dir='ltr'>undique</span> <span class='ocrx_word' id='word_1_222' title='bbox 1229 3202 1315 3254; x_wconf 89' lang='lat' dir='ltr'>cincta</span> <span class='ocrx_word' id='word_1_223' title='bbox 1338 3215 1423 3267; x_wconf 82' lang='lat' dir='ltr'>esset;</span> 
     </span>
     <span class='ocr_line' id='line_1_28' title="bbox 365 3279 1423 3353; baseline 0.001 -20"><span class='ocrx_word' id='word_1_224' title='bbox 365 3279 438 3350; x_wconf 89' lang='lat' dir='ltr'>quod</span> <span class='ocrx_word' id='word_1_225' title='bbox 447 3281 556 3334; x_wconf 86' lang='lat' dir='ltr'>fortasse</span> <span class='ocrx_word' id='word_1_226' title='bbox 566 3279 769 3350; x_wconf 77' lang='lat' dir='ltr'>preferendum.</span> <span class='ocrx_word' id='word_1_227' title='bbox 780 3283 873 3353; x_wconf 87' lang='lat' dir='ltr'>Neque</span> <span class='ocrx_word' id='word_1_228' title='bbox 917 3281 1037 3347; x_wconf 71' lang='lat' dir='ltr'>accesnt,</span> <span class='ocrx_word' id='word_1_229' title='bbox 1058 3279 1131 3352; x_wconf 85' lang='lat' dir='ltr'>quod</span> <span class='ocrx_word' id='word_1_230' title='bbox 1152 3281 1179 3333; x_wconf 88' lang='lat' dir='ltr'>in</span> <span class='ocrx_word' id='word_1_231' title='bbox 1201 3300 1231 3334; x_wconf 85' lang='lat' dir='ltr'>ea</span> <span class='ocrx_word' id='word_1_232' title='bbox 1252 3279 1423 3334; x_wconf 80' lang='lat' dir='ltr'>Archimedes</span> 
     </span>
     <span class='ocr_line' id='line_1_29' title="bbox 366 3360 1422 3431; baseline 0 -19"><span class='ocrx_word' id='word_1_233' title='bbox 366 3361 436 3412; x_wconf 88' lang='lat' dir='ltr'>enim</span> <span class='ocrx_word' id='word_1_234' title='bbox 457 3360 530 3414; x_wconf 86' lang='lat' dir='ltr'>missi</span> <span class='ocrx_word' id='word_1_235' title='bbox 553 3372 628 3412; x_wconf 86' lang='lat' dir='ltr'>erant</span> <span class='ocrx_word' id='word_1_236' title='bbox 646 3361 752 3431; x_wconf 84' lang='lat' dir='ltr'>publice</span> <span class='ocrx_word' id='word_1_237' title='bbox 765 3362 872 3431; x_wconf 87' lang='lat' dir='ltr'>legatia</span> <span class='ocrx_word' id='word_1_238' title='bbox 916 3360 1044 3412; x_wconf 87' lang='lat' dir='ltr'>mirabilis</span> <span class='ocrx_word' id='word_1_239' title='bbox 1057 3361 1214 3414; x_wconf 88' lang='lat' dir='ltr'>bellicorum</span> <span class='ocrx_word' id='word_1_240' title='bbox 1230 3373 1422 3414; x_wconf 88' lang='lat' dir='ltr'>tormentorum</span> 
     </span>
     <span class='ocr_line' id='line_1_30' title="bbox 364 3438 1422 3512; baseline 0.001 -20"><span class='ocrx_word' id='word_1_241' title='bbox 364 3439 626 3511; x_wconf 80' lang='lat' dir='ltr'>Carthaginiensibus</span> <span class='ocrx_word' id='word_1_242' title='bbox 647 3438 680 3491; x_wconf 91' lang='lat' dir='ltr'>ad</span> <span class='ocrx_word' id='word_1_243' title='bbox 698 3439 872 3494; x_wconf 85' lang='lat' dir='ltr'>Hannibalem</span> <span class='ocrx_word' id='word_1_244' title='bbox 916 3439 1040 3492; x_wconf 85' lang='lat' dir='ltr'>inventor</span> <span class='ocrx_word' id='word_1_245' title='bbox 1060 3453 1130 3506; x_wconf 87' lang='lat' dir='ltr'>erat,</span> <span class='ocrx_word' id='word_1_246' title='bbox 1153 3441 1268 3512; x_wconf 86' lang='lat' dir='ltr'>quibus,</span> <span class='ocrx_word' id='word_1_247' title='bbox 1287 3459 1347 3512; x_wconf 78' lang='lat' dir='ltr'>quar</span> <span class='ocrx_word' id='word_1_248' title='bbox 1362 3441 1422 3493; x_wconf 85' lang='lat' dir='ltr'>bas·</span> 
     </span>
     <span class='ocr_line' id='line_1_31' title="bbox 364 3517 1420 3592; baseline 0.004 -22"><span class='ocrx_word' id='word_1_249' title='bbox 364 3519 555 3586; x_wconf 87' lang='lat' dir='ltr'>accusandum,</span> <span class='ocrx_word' id='word_1_250' title='bbox 574 3517 620 3572; x_wconf 91' lang='lat' dir='ltr'>sed</span> <span class='ocrx_word' id='word_1_251' title='bbox 638 3519 681 3572; x_wconf 89' lang='lat' dir='ltr'>hic</span> <span class='ocrx_word' id='word_1_252' title='bbox 704 3520 737 3572; x_wconf 87' lang='lat' dir='ltr'>ab</span> <span class='ocrx_word' id='word_1_253' title='bbox 758 3518 873 3574; x_wconf 85' lang='lat' dir='ltr'>adversae</span> <span class='ocrx_word' id='word_1_254' title='bbox 916 3531 955 3572; x_wconf 87' lang='lat' dir='ltr'>tes</span> <span class='ocrx_word' id='word_1_255' title='bbox 967 3520 1068 3590; x_wconf 75' lang='lat' dir='ltr'>ingenti</span> <span class='ocrx_word' id='word_1_256' title='bbox 1081 3519 1151 3572; x_wconf 90' lang='lat' dir='ltr'>mole</span> <span class='ocrx_word' id='word_1_257' title='bbox 1160 3533 1282 3590; x_wconf 86' lang='lat' dir='ltr'>agerent,</span> <span class='ocrx_word' id='word_1_258' title='bbox 1295 3522 1351 3591; x_wconf 85' lang='lat' dir='ltr'>ipsc</span> <span class='ocrx_word' id='word_1_259' title='bbox 1362 3539 1420 3592; x_wconf 87' lang='lat' dir='ltr'>per·</span> 
     </span>
     <span class='ocr_line' id='line_1_32' title="bbox 364 3597 1420 3669; baseline 0.002 -20"><span class='ocrx_word' id='word_1_260' title='bbox 364 3597 484 3652; x_wconf 79' lang='lat' dir='ltr'>factionis</span> <span class='ocrx_word' id='word_1_261' title='bbox 495 3600 648 3653; x_wconf 87' lang='lat' dir='ltr'>hominibus</span> <span class='ocrx_word' id='word_1_262' title='bbox 659 3599 874 3669; x_wconf 85' lang='lat' dir='ltr'>insimulabatur,</span> <span class='ocrx_word' id='word_1_263' title='bbox 915 3599 968 3651; x_wconf 86' lang='lat' dir='ltr'>levi</span> <span class='ocrx_word' id='word_1_264' title='bbox 989 3613 1124 3652; x_wconf 88' lang='lat' dir='ltr'>momento</span> <span class='ocrx_word' id='word_1_265' title='bbox 1141 3599 1329 3654; x_wconf 80' lang='lat' dir='ltr'>ludificaretur.</span> <span class='ocrx_word' id='word_1_266' title='bbox 1352 3601 1420 3652; x_wconf 77' lang='lat' dir='ltr'>Atta·</span> 
     </span>
     <span class='ocr_line' id='line_1_33' title="bbox 363 3677 1420 3752; baseline 0.003 -23"><span class='ocrx_word' id='word_1_267' title='bbox 363 3677 452 3734; x_wconf 83' lang='lat' dir='ltr'>literas</span> <span class='ocrx_word' id='word_1_268' title='bbox 478 3692 504 3732; x_wconf 89' lang='lat' dir='ltr'>et</span> <span class='ocrx_word' id='word_1_269' title='bbox 523 3681 622 3750; x_wconf 86' lang='lat' dir='ltr'>legatos</span> <span class='ocrx_word' id='word_1_270' title='bbox 643 3680 743 3733; x_wconf 84' lang='lat' dir='ltr'>misisse</span> <span class='ocrx_word' id='word_1_271' title='bbox 765 3678 797 3732; x_wconf 88' lang='lat' dir='ltr'>ad</span> <span class='ocrx_word' id='word_1_272' title='bbox 817 3683 872 3732; x_wconf 80' lang='lat' dir='ltr'>An·</span> <span class='ocrx_word' id='word_1_273' title='bbox 916 3697 977 3730; x_wconf 90' lang='lat' dir='ltr'>men</span> <span class='ocrx_word' id='word_1_274' title='bbox 1000 3679 1063 3731; x_wconf 86' lang='lat' dir='ltr'>vicit</span> <span class='ocrx_word' id='word_1_275' title='bbox 1083 3677 1190 3732; x_wconf 87' lang='lat' dir='ltr'>tandem</span> <span class='ocrx_word' id='word_1_276' title='bbox 1212 3681 1333 3752; x_wconf 84' lang='lat' dir='ltr'>pertinax</span> <span class='ocrx_word' id='word_1_277' title='bbox 1350 3679 1420 3732; x_wconf 79' lang='lat' dir='ltr'>Mar·</span> 
     </span>
     <span class='ocr_line' id='line_1_34' title="bbox 364 3757 1420 3830; baseline -0.001 -20"><span class='ocrx_word' id='word_1_278' title='bbox 364 3758 499 3824; x_wconf 88' lang='lat' dir='ltr'>tiochum,</span> <span class='ocrx_word' id='word_1_279' title='bbox 513 3772 543 3811; x_wconf 86' lang='lat' dir='ltr'>ut</span> <span class='ocrx_word' id='word_1_280' title='bbox 559 3762 595 3813; x_wconf 88' lang='lat' dir='ltr'>sic</span> <span class='ocrx_word' id='word_1_281' title='bbox 616 3760 727 3812; x_wconf 82' lang='lat' dir='ltr'>Romani</span> <span class='ocrx_word' id='word_1_282' title='bbox 749 3760 777 3812; x_wconf 90' lang='lat' dir='ltr'>iu</span> <span class='ocrx_word' id='word_1_283' title='bbox 796 3759 872 3813; x_wconf 87' lang='lat' dir='ltr'>illum</span> <span class='ocrx_word' id='word_1_284' title='bbox 916 3758 975 3810; x_wconf 92' lang='lat' dir='ltr'>celli</span> <span class='ocrx_word' id='word_1_285' title='bbox 987 3757 1062 3810; x_wconf 86' lang='lat' dir='ltr'>labor</span> <span class='ocrx_word' id='word_1_286' title='bbox 1072 3771 1150 3830; x_wconf 88' lang='lat' dir='ltr'>atque</span> <span class='ocrx_word' id='word_1_287' title='bbox 1163 3761 1255 3814; x_wconf 80' lang='lat' dir='ltr'>virtus.</span> <span class='ocrx_word' id='word_1_288' title='bbox 1267 3793 1307 3802; x_wconf 95' lang='lat'>-</span> <span class='ocrx_word' id='word_1_289' title='bbox 1320 3759 1420 3813; x_wconf 81' lang='lat' dir='ltr'>Aberat.</span> 
     </span>
     <span class='ocr_line' id='line_1_35' title="bbox 364 3837 1420 3912; baseline 0.002 -24"><span class='ocrx_word' id='word_1_290' title='bbox 364 3839 571 3893; x_wconf 81' lang='lat' dir='ltr'>stimularentur.</span> <span class='ocrx_word' id='word_1_291' title='bbox 592 3839 650 3893; x_wconf 73' lang='lat' dir='ltr'>Lis.</span> <span class='ocrx_word' id='word_1_292' title='bbox 671 3840 808 3906; x_wconf 81' lang='lat' dir='ltr'>XXXIII,</span> <span class='ocrx_word' id='word_1_293' title='bbox 824 3841 870 3904; x_wconf 72' lang='lat'>45.</span> <span class='ocrx_word' id='word_1_294' title='bbox 915 3838 948 3891; x_wconf 86' lang='lat' dir='ltr'>Iu</span> <span class='ocrx_word' id='word_1_295' title='bbox 961 3837 1115 3892; x_wconf 82' lang='lat' dir='ltr'>Macedonia</span> <span class='ocrx_word' id='word_1_296' title='bbox 1124 3837 1248 3893; x_wconf 83' lang='lat' dir='ltr'>adversus</span> <span class='ocrx_word' id='word_1_297' title='bbox 1258 3839 1420 3912; x_wconf 84' lang='lat' dir='ltr'>Philippum.</span> 
     </span>
    </p>

    <p class='ocr_par' dir='ltr' id='par_1_7' title="bbox 360 3919 1423 4235">
     <span class='ocr_line' id='line_1_36' title="bbox 407 3919 1422 3991; baseline -0.002 -20"><span class='ocrx_word' id='word_1_298' title='bbox 407 3939 431 3972; x_wconf 86' lang='lat' dir='ltr'>a.</span> <span class='ocrx_word' id='word_1_299' title='bbox 447 3920 504 3974; x_wconf 83' lang='lat' dir='ltr'>Nou</span> <span class='ocrx_word' id='word_1_300' title='bbox 519 3959 565 3975; x_wconf 90' lang='lat'>.....</span> <span class='ocrx_word' id='word_1_301' title='bbox 578 3924 731 3991; x_wconf 64' lang='lat' dir='ltr'>interponere.</span> <span class='ocrx_word' id='word_1_302' title='bbox 746 3921 815 3986; x_wconf 86' lang='lat' dir='ltr'>Quia</span> <span class='ocrx_word' id='word_1_303' title='bbox 825 3939 872 3990; x_wconf 90' lang='lat' dir='ltr'>pa·</span> <span class='ocrx_word' id='word_1_304' title='bbox 957 3925 983 3982; x_wconf 69' lang='lat' dir='ltr'>d.</span> <span class='ocrx_word' id='word_1_305' title='bbox 997 3919 1104 3991; x_wconf 76' lang='lat' dir='ltr'>Utraque</span> <span class='ocrx_word' id='word_1_306' title='bbox 1109 3932 1180 3990; x_wconf 82' lang='lat' dir='ltr'>parte</span> <span class='ocrx_word' id='word_1_307' title='bbox 1185 3933 1307 3991; x_wconf 76' lang='lat' dir='ltr'>perorata.</span> <span class='ocrx_word' id='word_1_308' title='bbox 1325 3920 1422 3972; x_wconf 88' lang='lat' dir='ltr'>Parum</span> 
     </span>
     <span class='ocr_line' id='line_1_37' title="bbox 363 3998 1421 4072; baseline 0.001 -21"><span class='ocrx_word' id='word_1_309' title='bbox 363 4015 423 4051; x_wconf 90' lang='lat' dir='ltr'>rum</span> <span class='ocrx_word' id='word_1_310' title='bbox 435 4017 467 4050; x_wconf 86' lang='lat' dir='ltr'>ex</span> <span class='ocrx_word' id='word_1_311' title='bbox 483 4001 577 4072; x_wconf 86' lang='lat' dir='ltr'>populi</span> <span class='ocrx_word' id='word_1_312' title='bbox 593 4019 660 4053; x_wconf 90' lang='lat' dir='ltr'>rom.</span> <span class='ocrx_word' id='word_1_313' title='bbox 677 3998 803 4072; x_wconf 79' lang='lat' dir='ltr'>dignitate</span> <span class='ocrx_word' id='word_1_314' title='bbox 818 4018 872 4054; x_wconf 86' lang='lat' dir='ltr'>esse</span> <span class='ocrx_word' id='word_1_315' title='bbox 915 3998 1011 4064; x_wconf 79' lang='lat' dir='ltr'>refert,</span> <span class='ocrx_word' id='word_1_316' title='bbox 1024 3999 1078 4052; x_wconf 83' lang='lat' dir='ltr'>sive</span> <span class='ocrx_word' id='word_1_317' title='bbox 1097 4017 1158 4052; x_wconf 88' lang='lat' dir='ltr'>cum</span> <span class='ocrx_word' id='word_1_318' title='bbox 1172 3999 1263 4054; x_wconf 89' lang='lat' dir='ltr'>Gudio</span> <span class='ocrx_word' id='word_1_319' title='bbox 1284 3999 1397 4072; x_wconf 82' lang='lat' dir='ltr'>explices</span> <span class='ocrx_word' id='word_1_320' title='bbox 1414 4017 1421 4051; x_wconf 91' lang='lat'>:</span> 
     </span>
     <span class='ocr_line' id='line_1_38' title="bbox 360 4077 1423 4152; baseline -0.001 -21"><span class='ocrx_word' id='word_1_321' title='bbox 360 4077 450 4140; x_wconf 83' lang='lat' dir='ltr'>duxit,</span> <span class='ocrx_word' id='word_1_322' title='bbox 466 4080 630 4133; x_wconf 80' lang='lat' dir='ltr'>subscribere</span> <span class='ocrx_word' id='word_1_323' title='bbox 647 4077 714 4133; x_wconf 88' lang='lat' dir='ltr'>odiis</span> <span class='ocrx_word' id='word_1_324' title='bbox 730 4079 872 4136; x_wconf 86' lang='lat' dir='ltr'>accusatio·</span> <span class='ocrx_word' id='word_1_325' title='bbox 916 4095 986 4150; x_wconf 82' lang='lat' dir='ltr'>quun</span> <span class='ocrx_word' id='word_1_326' title='bbox 1009 4091 1108 4151; x_wconf 85' lang='lat' dir='ltr'>utraque</span> <span class='ocrx_word' id='word_1_327' title='bbox 1123 4099 1182 4150; x_wconf 85' lang='lat' dir='ltr'>pars</span> <span class='ocrx_word' id='word_1_328' title='bbox 1199 4091 1335 4152; x_wconf 81' lang='lat' dir='ltr'>perorasset</span> <span class='ocrx_word' id='word_1_329' title='bbox 1344 4119 1351 4142; x_wconf 89' lang='lat'>,</span> <span class='ocrx_word' id='word_1_330' title='bbox 1368 4080 1423 4131; x_wconf 84' lang='lat' dir='ltr'>sive</span> 
     </span>
     <span class='ocr_line' id='line_1_39' title="bbox 360 4157 1422 4235; baseline 0.002 -23"><span class='ocrx_word' id='word_1_331' title='bbox 360 4159 492 4228; x_wconf 87' lang='lat' dir='ltr'>uibusque</span> <span class='ocrx_word' id='word_1_332' title='bbox 505 4157 534 4212; x_wconf 86' lang='lat' dir='ltr'>iu</span> <span class='ocrx_word' id='word_1_333' title='bbox 546 4158 730 4213; x_wconf 84' lang='lat' dir='ltr'>Hannibalem.</span> <span class='ocrx_word' id='word_1_334' title='bbox 877 4178 884 4192; x_wconf 92' lang='lat'><strong>·</strong></span> <span class='ocrx_word' id='word_1_335' title='bbox 915 4175 977 4211; x_wconf 82' lang='lat' dir='ltr'>cum</span> <span class='ocrx_word' id='word_1_336' title='bbox 987 4159 1135 4214; x_wconf 84' lang='lat' dir='ltr'>Turranio:</span> <span class='ocrx_word' id='word_1_337' title='bbox 1149 4181 1221 4214; x_wconf 82' lang='lat' dir='ltr'>causa</span> <span class='ocrx_word' id='word_1_338' title='bbox 1233 4164 1422 4235; x_wconf 53' lang='lat' dir='ltr'>uetusquepa*</span> 
     </span>
    </p>
   </div>
   <div class='ocr_carea' id='block_1_6' title="bbox 0 0 1608 5122">
    <p class='ocr_par' dir='ltr' id='par_1_8' title="bbox 0 0 1608 5122">
     <span class='ocr_line' id='line_1_40' title="bbox 0 0 1608 5122; baseline 0 0"><span class='ocrx_word' id='word_1_339' title='bbox 0 0 1608 5122; x_wconf 95' lang='lat' dir='ltr'> </span> 
     </span>
    </p>
   </div>
  </div>
 </body>
</html>
