3184 5132
304 486 410 555 CAP.
439 485 558 568 VIII,
591 485 660 553 D‘E
694 485 1005 556 MIRACULIS.
1140 489 1183 560 81

124 632 225 714 caput
237 630 361 688 tectum
373 617 499 704 fueret,
513 630 747 712 argumentum
759 617 917 712 praebuit3
928 620 1039 712 itaque
1052 619 1191 692 Fabricii

124 724 246 812 edicto,
264 721 474 820 supplicatio¹
495 724 598 792 Marti
613 737 664 792 est
680 723 808 810 habita,
823 737 857 792 et
875 747 895 792 e
914 723 1067 794 laureatis
1077 727 1192 796 militi-

124 831 186 900 bus
211 855 331 925 magna
354 855 430 901 cum
454 831 640 900 animorum
663 827 773 898 letitia
791 827 893 898 oblati
915 829 1025 900 auxilii
1050 835 1192 904 testimo

123 939 216 1006 nium
236 939 266 1006 ei
287 952 337 1006 est
355 936 531 1006 redditum.

180 1067 212 1138 7.
237 1044 392 1114 Referam
414 1067 521 1128 nunc,
538 1041 628 1136 quod
649 1065 709 1112 suo
727 1041 838 1112 seculo
856 1045 1026 1138 cognitum
1047 1048 1193 1118 manavit

124 1149 167 1218 ad
182 1165 347 1244 posteros,
360 1147 515 1218 Penates²
529 1150 620 1218 Deos
633 1149 769 1218 AEneam
784 1149 884 1242 Troje
895 1149 1050 1220 advectos
1064 1153 1193 1222 Lavinii

126 1255 305 1326 collocasse
320 1310 329 1342 ,
343 1256 419 1326 inde
437 1256 480 1324 ab
498 1239 658 1326 Ascanio³
678 1253 745 1325 filio
763 1255 834 1348 ejus
852 1255 989 1344 Albam,
1006 1282 1106 1351 quam
1123 1261 1193 1354 ipse

124 1361 332 1450 condiderat,
347 1361 499 1450 tralatos,
513 1364 687 1458 pristinum
700 1364 879 1432 sacrarium
893 1365 1194 1459 repetisse,etquia

124 1468 159 1536 id
169 1469 313 1538 humana
323 1494 423 1540 manu
438 1469 564 1538 facturn
576 1469 754 1538 existimari
767 1483 915 1564 poterat,
927 1468 1047 1540 relatos
1058 1469 1194 1561 Albam,

126 1573 332 1644 voluntatem
349 1601 443 1646 suam
459 1574 562 1644 altero
577 1578 716 1645 transitu
730 1574 946 1670 significasse3
961 1601 1022 1646 nec
1038 1601 1091 1645 me
1109 1602 1192 1672 pras-

125 1776 198 1845 gaiea
213 1773 295 1827 addit.
313 1775 387 1845 Stepe
400 1774 529 1828 hiantium
542 1775 639 1826 enima-
682 1773 862 1826 licernassensi
872 1773 921 1826 visi
933 1788 1004 1828 sunt.
1014 1775 1098 1829 Erant
1106 1789 1194 1830 autem

123 1855 193 1907 lium
212 1855 302 1924 figura·
318 1854 398 1924 galeis
420 1853 638 1923 superimpositae.
683 1851 738 1904 duo
756 1855 864 1922 juvenes
885 1850 1005 1906 sedentes
1023 1873 1083 1906 curn
1101 1855 1194 1922 hastis,

124 1931 210 1986 Unde
221 1951 278 1986 snos
292 1931 325 1984 sd
341 1951 390 1984 nos
403 1933 472 1984 icrte
485 1931 642 1998 nunciatus,
684 1947 749 2001 quar
757 1929 867 1982 seorsim
874 1931 1070 1986 sltersbrdtero
1076 1936 1194 2003 tenebat,

125 2031 185 2084 quo
198 2011 318 2084 equiturn
328 2011 474 2086 insignibus
484 2010 563 2080 galeis
576 2009 641 2063 insi·
683 2009 790 2062 artificii
803 2009 907 2080 antiqui
922 2029 997 2082 opus.
1012 2018 1073 2066 Hoc
1088 2014 1195 2068 simule·

126 2090 225 2144 dentes
239 2091 297 2157 leur
323 2109 340 2152 ·.,
359 2091 430 2162 lupi,
447 2089 534 2152 cervi,
549 2107 640 2154 canes,
683 2092 852 2140 craAEnearn
868 2090 943 2142 aiunt
965 2109 995 2142 ex
1010 2089 1096 2162 adytis
1114 2097 1194 2166 troje·

126 2171 242 2242 aquilo,
260 2160 402 2235 sio-sures,
421 2167 568 2230 dracones,
590 2181 638 2222 etc.
682 2166 724 2220 nis
742 2167 878 2222 abstulisse
894 2181 921 2221 et
939 2187 1028 2224 secum
1050 2173 1077 2224 in
1090 2173 1194 2226 Italiam

124 2252 314 2321 imponuntur.
325 2249 410 2320 Hujus
418 2248 500 2300 moris
509 2247 639 2318 originem
681 2259 806 2318 portem.

123 2331 288 2384 stewechius
302 2331 336 2382 sb
354 2328 486 2400 AEgyptiis
501 2325 639 2380 deducite
722 2326 748 2380 3.
765 2329 880 2381 Ascanio.
896 2329 936 2382 De
947 2330 1052 2382 Ascanii
1067 2333 1192 2399 nornine,

124 2409 249 2464 Diodoro
259 2407 361 2471 Siculo,
370 2409 389 2460 i.
403 2408 443 2470 11,
455 2407 501 2459 ubi
510 2425 584 2478 reges
595 2425 638 2460 cs-
680 2425 747 2458 nunt
765 2403 835 2460 iden
853 2408 888 2460 sit
901 2427 932 2462 eo
949 2427 1047 2464 nomen
1069 2411 1191 2478 Arcesius,

124 2503 179 2562 put
190 2490 285 2554 leonis,
295 2488 363 2542 tauri
372 2501 417 2540 aut
428 2485 563 2550 daconis,
572 2498 637 2540 um·
681 2483 754 2558 quod
768 2486 854 2540 Greci
867 2489 896 2542 in
910 2479 997 2552 Ᾰξινος
1010 2493 1192 2562 corruperint,

126 2588 208 2641 qnam
226 2569 391 2640 principatus
412 2567 530 2638 insigne,
550 2566 578 2619 in
594 2585 637 2620 cs·
680 2567 782 2638 legetur
794 2567 941 2622 &ebertus
951 2571 978 2622 in
992 2569 1096 2641 Pbeleg.
1107 2572 1191 2637 VIII,

126 2650 186 2719 pite
204 2661 314 2721 gestasse
329 2647 429 2702 scribit.
451 2647 493 2699 Ab
508 2647 638 2720 AEgyptiis
683 2665 708 2715 9.
722 2647 870 2700 -Alhann
888 2650 928 2702 De
945 2649 1011 2702 etha
1025 2650 1130 2722 Irongu,
1143 2649 1192 2704 diu

126 2729 182 2783 boc
196 2728 229 2782 ad
243 2729 367 2792 Grecos3
387 2729 421 2782 ab
436 2727 478 2780 his
493 2726 527 2780 ad
541 2729 638 2779 Rome·
680 2727 745 2778 cliro
767 2728 900 2798 precipue
922 2729 1004 2781 Itrliae
1023 2731 1110 2790 urbe,
1131 2749 1191 2802 qua

126 2828 179 2863 nos
190 2809 299 2862 transiit.
307 2810 440 2862 Ceterum
450 2825 506 2859 non
517 2807 582 2866 erit.
591 2806 637 2878 qui
680 2806 796 2876 Thyrius
805 2826 819 2860 e
828 2809 959 2879 Dionysio
967 2808 1051 2861 Helie.
1062 2811 1089 2873 1,
1100 2813 1136 2863 66
1144 2829 1190 2863 er·

123 2907 182 2942 non
192 2889 434 2942 miretur-Veterum
444 2885 635 2953 credulitatem,
681 2886 793 2957 cerpsit,
804 2885 906 2940 ¹addere
920 2888 1006 2958 placet
1020 2905 1027 2940 ι
1047 2913 1058 2936 ι
1074 2889 1190 2959 Trigesi·

125 2968 176 3041 qui
190 2969 286 3039 egelea
300 2969 407 3038 pinnata
420 2969 535 3020 Martem
548 2963 637 3018 edesse
680 2983 726 3017 mo
736 2983 806 3018 anno
815 2979 876 3037 post
885 2965 1022 3018 conditum
1035 2967 1189 3034 Lavinium,

124 3049 275 3120 putebant,
297 3046 369 3119 quod
395 3048 520 3114 manifesta
547 3046 638 3098 sbdkr'a
681 3045 758 3098 ulium
781 3046 893 3109 urbem,
914 3063 946 3098 ex
967 3047 1074 3099 oraculo
1099 3049 1190 3101 AEnen

127 3128 252 3180 nominet
269 3129 397 3182 Valerius.
680 3123 802 3190 reddito,
814 3126 955 3189 maius,
966 3126 1036 3178 filius
1045 3129 1117 3198 ejus,
1125 3147 1190 3181 con·

176 3223 199 3258 r.
225 3206 380 3276 Supplicem.
400 3211 454 3260 Aut
472 3207 523 3260 Iuit
542 3207 637 3260 festum
680 3203 765 3269 didit,
788 3206 970 3276 transistisque
991 3206 1190 3262 Leriniensibns

125 3299 194 3339 ante
212 3303 268 3336 rem
287 3286 411 3356 egendum
434 3286 468 3339 ad
492 3285 638 3339 exorandos
681 3297 707 3336 et
719 3284 777 3337 aliis
788 3285 1010 3356 Latinis,qnibus
1022 3285 1189 3340 commodius

125 3365 263 3428 deos,eut
271 3383 300 3416 re
309 3366 418 3420 feliciter
427 3378 531 3436 peracto
540 3364 574 3418 ed
582 3385 640 3436 grs-
680 3363 800 3417 babitare
816 3365 949 3436 placebat,
971 3366 998 3418 in
1014 3383 1107 3418 recens
1124 3385 1189 3420 eon·

125 3447 182 3500 tias
196 3441 310 3514 agendas
318 3445 474 3498 institutum.
681 3441 764 3496 ditem
780 3445 887 3507 urbem,
901 3446 976 3497 Atho
991 3445 1016 3496 ei
1031 3463 1129 3496 nomen
1142 3447 1189 3502 irn-

125 3569 127 3574 .
173 3545 199 3576 n.
217 3525 328 3576 Penates.
342 3523 393 3577 Seu
404 3525 567 3588 Penetrttles,
577 3524 639 3596 quie
680 3523 789 3594 posuit:
805 3522 978 3595 additumque
990 3537 1030 3576 est
1041 3541 1187 3596 cognomen

127 3604 263 3656 nenetrnlia
278 3601 390 3655 deorum
402 3603 539 3656 Penatium
554 3623 638 3658 sacra·
682 3621 713 3655 ex
733 3603 798 3655 situs
819 3605 923 3670 forme,
945 3615 976 3656 ut
995 3601 1189 3660 discerneretur

125 3686 169 3738 ria
192 3696 275 3735 erant.
301 3684 389 3736 Romu
407 3684 486 3736 etiarn
505 3685 554 3736 fuit
571 3697 638 3737 tern-
682 3685 714 3734 ab
728 3683 808 3735 attera
821 3682 939 3754 ejusdem
949 3683 1188 3749 nominis3ec.vel·

125 3765 208 3836 plum
228 3761 299 3816 houd
314 3764 408 3834 procul
423 3782 438 3814 s
454 3763 512 3814 foro
525 3761 637 3825 distent,
682 3763 722 3814 uti
733 3763 880 3834 composito
888 3763 1089 3816 vocabuInAIbs
1099 3765 1189 3838 Longe

126 3845 178 3896 ubi
197 3843 288 3914 positae
303 3855 377 3895 erant
395 3844 559 3912 trojanorum
574 3840 638 3894 deo·
681 3843 837 3914 appelletur.
854 3843 932 3894 Nunc
946 3859 975 3894 ee
988 3839 1090 3896 deserte
1105 3848 1174 3916 jacet
1180 3868 1189 3914 ς

127 3942 191 3976 rum
212 3922 355 3994 imagines,
380 3941 442 3975 cum
468 3921 639 3994 inscriptione
680 3923 794 3994 quippe,
807 3935 932 3992 regnante
945 3923 1035 3976 Rome
1047 3925 1127 3977 Trdio
1136 3926 1191 3978 Ho-

128 4004 248 4055 Denataes.
265 4004 347 4055 Prisci
357 4003 444 4067 enirn,
458 4021 541 4073 quum
547 4021 640 4072 pnon·
682 4003 771 4067 stilio,
795 4021 878 4072 quum
900 3999 1035 4056 rideretur
1058 4022 1120 4058 curn
1143 4021 1188 4057 sus

126 4081 198 4134 dum
219 4096 285 4134 esset
304 4085 332 4135 in
358 4100 427 4149 usu,
449 4082 528 4152 hujus
546 4082 639 4135 littera
682 4082 784 4135 colonia
800 4079 833 4134 de
847 4083 996 4154 principatu
1011 4081 1186 4150 contendere,

124 4161 186 4216 rim
195 4181 242 4234 per
253 4163 438 4236 dexpressisse
451 4163 579 4234 Dionysio
587 4162 639 4218 Ide·
684 4162 739 4216 sclo
756 4175 856 4234 equata
868 4177 907 4219 est
921 4184 936 4219 e
949 4164 1093 4227 Romanis,
1108 4165 1188 4218 eires·

184 4265 214 4330 I.
982 4261 1006 4331 6
