3196 5122
402 525 483 621 apd
580 517 804 590 VALERII
836 516 1047 586 ΜΑΧΙΜῙ
1081 507 1178 586 LlB.
1205 513 1272 588 lv.

463 653 494 726 5.
518 657 593 724 Non
616 653 753 720 minoris
778 649 1002 720 admirationis
1031 648 1111 718 illud
1134 676 1141 718 ε
1163 651 1335 746 Stasippus
1356 666 1470 747 tegea-

407 761 486 848 tes¹,
506 760 717 830 hortantibus
732 759 845 828 amicis
862 771 900 825 ut
915 781 1051 851 gravem
1067 759 1102 826 in
1118 757 1402 828 administratione
1418 762 1473 830 mi-

407 869 549 966 publicae
564 865 735 952 aemulum,
754 864 811 934 sed
825 863 945 958 alioqui
966 863 1108 959 probum
1127 877 1160 933 et
1175 879 1330 934 ornatum
1349 867 1471 956 virum,

407 975 553 1070 qualibet
573 974 699 1042 ratione
718 971 770 1039 vel
789 969 933 1056 tolleret,
954 969 1007 1040 vel
1032 970 1259 1058 submoveret,
1284 974 1417 1066 negavit
1438 999 1472 1043 se

403 1083 592 1168 facturum3
613 1103 671 1166 ne,
697 1103 795 1173 quem
818 1079 852 1146 in
871 1075 973 1146 tutela
993 1078 1108 1172 patriae
1131 1077 1240 1146 bonus
1259 1080 1340 1148 civis
1362 1079 1471 1151 locum

408 1189 588 1274 obtineret,
610 1185 715 1254 malus
728 1199 762 1253 et
777 1185 947 1278 improbus
965 1197 1158 1278 occuparet:
1178 1209 1278 1278 seque
1296 1187 1473 1280 potiusve

408 1291 571 1364 hementi²
593 1291 782 1362 adversario
796 1293 923 1386 urgeri,
945 1313 1044 1386 quam
1063 1292 1204 1386 patriam
1220 1293 1354 1386 egregio
1371 1291 1472 1362 adro·

409 1417 484 1470 cato
508 1423 620 1470 carere
636 1399 841 1494 praeoptavit.

461 1522 497 1594 6.
508 1507 641 1594 Pittaci³
660 1547 792 1616 quoque
810 1519 1037 1590 moderatione
1053 1534 1169 1616 pectus
1183 1521 1399 1611 instructum,
1416 1526 1472 1618 qui

407 1629 554 1702 Alcaeum
576 1643 725 1724 poetam,
745 1642 778 1694 et
800 1627 1017 1697 amaritudine
1040 1627 1125 1714 odii,
1152 1641 1186 1696 et
1207 1627 1332 1698 viribus
1350 1631 1473 1724 ingenii

408 1737 566 1810 adversus
591 1759 625 1803 se
649 1734 906 1830 pertinacissime
931 1758 1045 1820 usum,
1071 1733 1276 1828 tyrannidem
1304 1760 1324 1804 a
1344 1737 1473 1806 civibus

408 1843 550 1912 delatam
562 1841 719 1936 adeptus,
734 1839 963 1910 tantummodo
976 1839 1055 1936 quid
1067 1841 1101 1908 in
1117 1841 1336 1935 opprimendo
1348 1855 1473 1936 posset,

409 1950 590 2019 admonuit.

465 2101 497 2171 7.
515 2073 622 2168 Hujus
638 2073 699 2142 viri
715 2073 837 2142 mentio
853 2071 998 2164 subjicit,
1016 2085 1054 2138 ut
1071 2069 1113 2138 de
1128 2085 1254 2166 septem
1275 2073 1473 2166 sapientium

410 2181 636 2250 moderatione
652 2165 822 2248 reseraml.
844 2179 873 2246 A
895 2176 1111 2272 piscatoribus
1138 2179 1171 2245 in
1193 2176 1317 2248 milesia
1341 2181 1474 2273 regione

409 2271 626 2355 verriculum⁵
642 2285 846 2354 trahentibus
858 2337 867 2370 ,
880 2283 1013 2378 quidam
1024 2283 1151 2376 jactum
1165 2298 1298 2353 emerat.
1316 2286 1474 2355 Extracta

409 2391 528 2462 deinde
547 2392 658 2483 magni
674 2391 829 2483 ponderis
847 2413 947 2459 aurea
968 2413 1081 2458 mensa
1099 2376 1280 2486 delphica⁶,
1301 2405 1379 2460 orta
1396 2417 1476 2462 con·

415 2601 584 2663 Aurelianus,
596 2609 663 2652 teste
676 2593 851 2668 Vopisco.-
861 2595 925 2652 Con·
966 2619 1018 2672 peo
1034 2613 1095 2654 ante
1116 2601 1247 2654 occultato
1268 2599 1306 2655 sic
1327 2599 1474 2674 implicuit,

414 2701 515 2734 crassum.
529 2679 676 2750 Chaupra.
694 2679 750 2744 nt,
774 2681 808 2746 8,
824 2691 875 2732 eat.
894 2684 922 2734 6.
967 2693 996 2734 at
1012 2699 1073 2732 eum
1094 2679 1233 2733 commode
1254 2681 1358 2735 cedere
1378 2695 1475 2754 posset.

459 2780 485 2815 ι.
503 2761 625 2830 Tegeates.
635 2759 720 2828 Tegea
734 2757 925 2830 oppidumAr·
968 2757 1047 2812 Unde
1072 2761 1188 2832 posthac
1212 2765 1311 2814 retiarii.
1340 2763 1475 2834 'lyranm-

416 2841 513 2908 cadie,
527 2840 555 2892 in
569 2858 622 2910 quo
632 2839 685 2890 Pan
694 2840 832 2910 praecipuis
838 2839 924 2892 hono·
967 2838 1027 2892 dem
1040 2859 1123 2912 quum
1139 2857 1188 2912 per
1201 2841 1226 2892 Χ
1239 2859 1320 2894 mnas
1334 2843 1476 2910 tenuisset,

417 2923 491 2976 ribus
504 2923 590 2973 cultus
602 2931 656 2984 est,
669 2919 715 2990 qui
728 2917 791 2972 inde
800 2919 925 2990 Tegeaeus
966 2920 1052 2990 patria
1070 2921 1178 2992 optimis
1193 2919 1297 2992 legibus
1312 2921 1476 2987 consutum,

417 3001 563 3056 dicebatur.
968 2999 1477 3070 sponteamagiatratuseabdicarit-
1594 3031 1595 3052 t

460 3101 485 3134 a.
509 3081 536 3131 V
534 3081 655 3131 alternanti.
669 3077 781 3130 Plurimi
797 3077 871 3130 MSS.
885 3096 926 3129 ve·
973 3079 998 3130 Τ
992 3079 1135 3149 ymanr'dm
1150 3101 1167 3130 a
1187 3081 1275 3133 civibus
1292 3081 1407 3132 delatam.
1425 3081 1478 3154 Ty·

419 3159 925 3227 demerueratmeliuscelremeati‚quum
969 3159 1059 3210 rannis
1083 3159 1164 3228 igitur
1175 3159 1203 3213 b.
1217 3161 1235 3213 l.
1250 3179 1301 3232 pro
1318 3163 1391 3232 J'usto
1407 3161 1478 3233 pritt-

419 3241 543 3292 velremens
556 3238 704 3288 adversarius
718 3249 744 3288 et
759 3240 868 3307 egregius
884 3236 927 3287 ad·
969 3237 1071 3308 cipeto,
1084 3239 1130 3310 qui
1144 3240 1222 3292 alicui
1238 3252 1333 3311 sponte
1346 3259 1362 3293 a
1376 3241 1476 3296 civibus

421 3332 514 3374 vocatus
530 3327 707 3388 opponantur.
968 3314 1101 3386 defertur,
1116 3321 1237 3373 sumitur.

462 3400 488 3452 3.
501 3399 600 3449 Pittaci.
614 3396 713 3446 Alcaeus
724 3413 803 3448 versu
814 3393 927 3448 iambico
1011 3403 1037 3461 4.
1058 3397 1148 3455 tle...
1163 3401 1271 3466 reseram.
1286 3397 1351 3453 vid.
1366 3400 1439 3452 Plus
1450 3399 1476 3452 in

422 3497 483 3530 eum
496 3477 559 3529 lusit
570 3487 595 3527 et
611 3475 752 3546 appellarit
767 3475 831 3526 latos
847 3473 927 3545 pedes
970 3475 1080 3541 Solone:
1093 3479 1202 3549 Diogen.
1216 3480 1304 3532 Laert.
1317 3481 1477 3532 in'I'balete.
1592 3529 1593 3540 ,

421 3559 587 3616 trahentem,
607 3566 811 3610 tumescentem.
827 3552 927 3624 pedum
1012 3557 1037 3609 5.
1061 3557 1220 3612 Verrr'rulnm.
1235 3559 1326 3612 Genus
1346 3559 1478 3630 plumbati

422 3637 517 3687 morbo
535 3635 715 3696 laborantem,
729 3633 928 3686 obtrectationi·
970 3637 1055 3701 retis,
1074 3636 1146 3709 quod
1165 3657 1213 3710 per
1236 3640 1340 3692 alveum
1359 3637 1479 3692 fluminis

423 3715 472 3766 bus
494 3726 626 3784 patentem
642 3725 668 3766 et
686 3711 831 3765 sordidum.
853 3713 928 3766 Vixit
970 3717 1086 3768 verritur
1105 3735 1151 3770 seu
1173 3719 1297 3772 trabitur.
1317 3719 1413 3772 Cicero
1433 3737 1480 3790 per

424 3793 506 3847 Croesi
521 3805 603 3847 aetate.
616 3795 638 3845 E
650 3793 774 3864 singulari
786 3794 928 3845 certamine
969 3798 1057 3867 jocum
1071 3797 1183 3849 Verrem
1197 3799 1319 3851 nominat
1338 3801 1480 3850 mneste-

424 3891 485 3926 cum
496 3873 655 3945 ‘Phrynonffi
667 3892 749 3944 quum
763 3872 928 3925 Atheniensi·
971 3895 1017 3928 seu
1032 3877 1273 3930 avenacarmen
1288 3890 1314 3930 et
1329 3878 1352 3930 is
1368 3881 1481 3949 ejusmo-

419 3953 473 4006 bus
486 3965 512 4004 et
523 3953 681 4022 Mitylenaeis
691 3951 725 4005 de
737 3971 799 4023 agro
812 3951 928 4024 quodam
971 3953 999 4007 di
1011 3957 1152 4010 verborum
1166 3958 1238 4010 lusus
1249 3955 1386 4010 interdum
1398 3971 1479 4022 amat,

424 4029 584 4100 possidendo
599 4046 664 4084 esset
683 4033 832 4094 contentio,
846 4033 929 4084 Pitta·
971 4037 1041 4088 nulla
1051 4035 1145 4108 dignos
1151 4036 1482 4104 emulatioueNidQuin·

425 4125 471 4159 cus
482 4108 629 4178 deportavit
638 4113 825 4181 principatum.
839 4112 869 4162 ln
881 4112 928 4162 illo
971 4116 1010 4168 til.
1025 4117 1080 4180 Vl,
1097 4135 1123 4186 7.

423 4187 928 4260 certamineadversariumretiaubely·
1012 4195 1482 4270 6.lllenradelodica.'lbipodeserartt
