3196 5122
283 529 390 598 CAP.
418 530 452 618 I,
480 531 549 598 DE
573 529 984 601 MODERATIONE
1098 533 1173 632 275

3 703 5 714 ν
109 663 269 734 troversia
289 676 354 749 est,
380 659 444 731 illis
462 663 600 758 piscium
623 687 657 732 se
681 677 853 760 capturam
876 663 1060 734 vendidisse
1078 665 1174 737 affir-

3 809 4 814 .
108 769 288 857 mantibus,
317 769 381 838 hoc
405 768 573 838 fortunam
593 768 717 862 jactus¹
741 795 776 839 sc
796 771 912 841 emisse
935 771 1073 841 dicente.
1097 775 1175 864 Qua

108 875 296 946 conditione
319 891 457 970 propter
477 877 656 944 novitatem
680 878 747 964 rei,
775 891 809 944 et
830 877 1090 972 magnitudinem
1111 906 1173 975 pe-

7 1051 9 1054 .
108 979 244 1070 cuniae',
265 981 308 1050 ad
323 983 512 1051 universum
536 982 606 1076 ejus
628 982 768 1052 civitatis
785 981 946 1078 populum
965 983 1090 1072 delata,
1108 985 1174 1081 pla·

109 1091 177 1158 cuit
203 1087 390 1183 Apollinem
420 1087 610 1184 delphicum
638 1087 783 1176 consuli,
811 1094 947 1160 crunam
978 1090 1176 1181 athdi‘cari
1212 1139 1217 1148 ·

108 1219 227 1264 menso
252 1193 396 1264 deberet.
423 1197 515 1264 Deus
538 1195 725 1290 respondit,
753 1197 805 1264 illi
826 1221 901 1266 esse
922 1195 1091 1284 dattdam,
1114 1207 1175 1296 qui

107 1307 282 1398 sapientia
298 1318 443 1370 coeteros
458 1317 662 1398 praestaret,
683 1301 735 1369 his
749 1302 880 1371 verbis:

163 1447 208 1547 Oe
222 1467 310 1562 σοφίῃ
326 1468 451 1537 πάντων
469 1478 612 1560 πρῶτος,
628 1468 731 1553 τούτῳ
748 1459 870 1560 τρίποδ’
885 1465 921 1536 ἂν
943 1461 999 1537 δῶ.

106 1637 193 1704 Tum
220 1633 339 1705 Milesii
364 1657 527 1703 consensu
553 1617 704 1702 Thaleu³
734 1658 882 1702 mensam
910 1633 1084 1706 dederunt.
1114 1635 1174 1706 Ille

107 1743 205 1814 cessit
220 1728 313 1810 eam⁴
328 1742 451 1828 Bianti,
465 1741 539 1808 Bias
556 1740 698 1826 Pittaco,
716 1741 743 1808 is
757 1741 908 1834 protinus
922 1739 990 1826 alii,
1007 1741 1175 1838 deinceps

106 1873 172 1941 que
191 1872 251 1941 per
272 1847 420 1916 omnium
447 1860 573 1940 septem
596 1847 792 1940 sapientium
814 1848 930 1915 orbem
955 1847 997 1916 ad
1022 1847 1174 1920 ultimum

104 1954 151 2022 ad
172 1953 327 2022 Solonem
349 1952 499 2047 pervenit
517 1978 525 2019 :
545 1951 800 2046 quiettitulum
817 1951 1024 2047 amplissima
1045 1958 1173 2052 sapien-

104 2062 177 2146 tiae,
196 2073 230 2127 et
246 2061 416 2153 praemium
438 2058 479 2126 ad
496 2059 603 2152 ipsum
618 2057 804 2152 Apollinem
821 2059 996 2138 transtulit.

164 2183 197 2253 8.
220 2184 330 2276 Atque
351 2167 407 2251 ut⁵
428 2181 647 2276 Theopompo
664 2206 810 2276 quoque,
828 2163 1068 2277 Spartanorum
1087 2189 1173 2282 regi,

104 2288 344 2357 moderationis
362 2290 585 2357 testimonium
605 2287 794 2375 reddamus,
810 2313 913 2382 quum
932 2292 1060 2383 primus
1077 2293 1173 2362 insti-

104 2396 241 2482 tuisset,
260 2408 298 2462 ut
315 2393 432 2488 ephori
453 2393 691 2464 Lacedaemone
709 2407 915 2483 crearentur,
936 2397 981 2464 ita
997 2396 1099 2466 futuri
1121 2423 1171 2468 re-

104 2596 135 2648 in
157 2595 289 2668 Apollinis
314 2596 433 2668 templo,
452 2595 549 2666 quihus
574 2593 619 2648 sd·
662 2607 698 2646 ut.
714 2596 755 2648 Cf.
770 2596 829 2663 IV,
844 2597 875 2662 3,
890 2609 942 2652 ext.
969 2615 993 2650 1.
1007 2630 1048 2640 -
1066 2601 1170 2670 Ephori.

104 2689 180 2728 mota
193 2674 304 2748 Pythia,
319 2676 429 2730 numine
449 2674 558 2742 alllata,
579 2674 619 2728 iu·
661 2673 832 2745 Ephororum
847 2677 1007 2729 creationem
1019 2677 1170 2734 Herodotus

105 2768 170 2808 tura
184 2754 326 2827 predicere
341 2753 507 2809 credebatur.
661 2751 695 2806 ad
708 2755 861 2825 Lycurgum
876 2755 958 2808 refert
972 2774 979 2808 :
995 2756 1041 2809 sed
1053 2760 1171 2829 plurium

152 2837 415 2906 1.Fostuaamjactru.
425 2833 458 2886 ld
471 2847 524 2892 est,
535 2851 619 2906 qusn-
661 2849 803 2886 consensus
810 2833 987 2905 Theopompo
994 2837 1096 2890 tribuit.
1104 2839 1173 2892 Fra·

107 2928 169 2968 tuns
190 2916 258 2969 forte
271 2929 297 2969 et
311 2913 488 2986 quodcunque
501 2913 619 2968 extrahe·
661 2930 728 2964 num
739 2912 791 2964 hoc
798 2912 932 2982 objectum
942 2914 1057 2982 regibus.
1071 2917 1172 2970 Revera

104 3007 193 3050 retur.
661 3005 749 3044 autem
777 2991 946 3062 Theopompi
973 3004 1092 3063 tempore
1116 3015 1172 3049 nou

154 3093 181 3126 a.
210 3073 403 3144 Magnitudinem
419 3062 535 3143 pecuisioe.
558 3073 618 3138 Qua
660 3083 761 3123 tantam
774 3069 853 3122 fuisse
867 3076 1172 3140 poteststemestverisi·

103 3172 190 3206 aures
203 3153 247 3204 illa
260 3171 348 3206 mensa
364 3153 488 3206 aestimata
499 3165 565 3206 erat.
660 3150 739 3216 mile,
756 3149 822 3202 sicut
844 3167 931 3220 neque
948 3149 1019 3222 apud
1038 3153 1171 3208 Romanos

150 3233 180 3285 3.
206 3231 311 3283 Thaleti.
333 3231 387 3296 Qui
407 3231 502 3284 scholas
521 3231 618 3284 lonicus
661 3229 920 3300 tribunitiapotestas
929 3231 1017 3284 statim
1025 3243 1096 3286 tanta
1106 3234 1169 3301 tuit,

102 3323 220 3374 auctor,
233 3310 336 3382 primus
346 3311 400 3362 vn
413 3311 560 3381 sapientum
574 3311 618 3364 ha·
661 3322 758 3381 quanta
774 3321 872 3380 postea.
889 3309 981 3374 Quum
997 3313 1091 3382 lpopsia
1108 3311 1171 3366 ado·

102 3393 197 3444 betur.
209 3389 312 3460 Reliqui
326 3403 387 3442 sunt
396 3407 402 3442 :
411 3390 469 3454 Bias
478 3390 617 3461 prieneus,
660 3389 780 3454 levisset,
791 3407 903 3441 numero
917 3391 954 3453 V,
969 3391 1079 3461 singulis
1093 3393 1169 3445 annis

102 3471 228 3524 Pittacus
239 3467 273 3522 de
286 3487 340 3540 quo
352 3487 442 3540 supra,
457 3467 538 3521 Solon
548 3469 619 3522 athe·
660 3469 750 3534 oresti,
756 3487 871 3541 quorum
878 3487 946 3521 unus
954 3471 1088 3541 ἐπώνυμος,
1096 3470 1169 3542 quod

103 3547 619 3614 niensis,Chilolacedssmonius,Cleo·
660 3547 769 3601 nornine
785 3567 833 3601 suo
855 3567 970 3610 annum,
990 3550 1057 3602 sicut
1078 3551 1169 3606 Romae

102 3630 187 3682 halus
200 3625 452 3702 lydius,Periander
463 3628 618 3682 corinthius.
661 3629 796 3695 consules,
813 3629 935 3699 signaret.
948 3625 1120 3698 Eligebantur
1139 3633 1168 3684 in

102 3709 210 3761 Eorum
222 3708 354 3780 sapienter
365 3705 434 3761 dicta
446 3707 527 3760 refert
537 3709 618 3762 Auso·
660 3709 774 3760 comitiis
789 3727 820 3760 ex
836 3719 893 3760 toto
914 3707 1034 3778 populo,
1049 3709 1106 3762 sine
1126 3709 1168 3766 di·

103 3788 170 3841 nius
182 3801 269 3860 poeta.
660 3787 785 3842 scrimine
802 3787 904 3857 generis
919 3798 964 3838 aut
983 3805 1081 3858 opum,
1101 3787 1167 3842 adeo

149 3873 177 3932 4.
187 3866 267 3920 Cessit
276 3887 337 3920 eam.
349 3867 454 3920 Dicitur
462 3878 618 3938 utrumque,
663 3880 692 3920 ut
711 3868 790 3920 etiarn
811 3867 908 3917 infimae
924 3883 991 3938 sape
1007 3866 1168 3922 conditionis

102 3947 189 4000 cedere
200 3949 240 3998 cui
255 3967 302 4019 quo
318 3968 343 3998 rc
357 3959 384 4000 et
402 3946 483 3998 cedere
497 3949 535 3998 cui
552 3947 617 4019 quid.
661 3945 782 3999 homines
796 3945 841 3997 illa
857 3958 1016 3998 ornarentur
1031 3945 1167 4018 dignitate.

151 4025 179 4080 5.
200 4025 284 4099 Atque
298 4039 333 4080 ut.
346 4027 452 4098 Lipsius
464 4026 572 4098 conjicit
583 4037 618 4077 at-
662 4027 747 4079 Tanta
766 4043 857 4078 eorum
874 4037 930 4076 erat
953 4027 1118 4094 auctoritas,
1138 4041 1168 4083 ut

103 4109 167 4178 quin
181 4142 189 4166 ‚
206 4104 280 4178 quod
292 4107 403 4160 Colerus
418 4107 446 4160 in
465 4117 566 4159 textum
581 4125 621 4159 re·
663 4105 818 4160 vocantibus
826 4104 858 4156 iis
868 4123 941 4176 reges
949 4117 976 4158 et
983 4124 1074 4160 omnes
1085 4111 1166 4180 majo·

102 4183 193 4255 cepit.
206 4183 257 4240 Sed
271 4197 359 4241 tamen
371 4205 462 4242 omnes
475 4186 537 4242 alii:
550 4198 621 4260 atque
662 4205 704 4242 res
719 4185 885 4257 magistratus
896 4182 1029 4240 cederent.
1040 4187 1167 4243 Praeterea

945 4293 1010 4364 18²
