3168 5124
348 533 422 617 442
545 527 773 596 utuntur
801 525 1140 638 uitulinum.
1169 527 1234 596 vr.

348 664 437 734 clara
452 685 535 732 voce
550 661 776 748 denuntiavit,
787 665 821 730 si
830 664 908 756 quis
920 664 1091 730 sociorum
1110 664 1199 730 inter
1203 675 1329 756 patret
1341 683 1424 730 cort·

241 779 244 786 '
346 776 494 867 scriptos
507 771 711 838 sententiam
732 765 846 838 dicere
859 791 968 838 ausus
981 782 1090 854 esset,
1110 773 1273 837 continuo
1292 792 1368 837 eum
1384 793 1426 837 se

348 884 634 972 interempturum.
651 878 712 944 11ae
727 874 826 944 unius
839 875 956 962 minse,
971 889 1006 944 et
1018 876 1249 944 Romanorum
1265 873 1424 970 languen-

348 985 437 1054 tibus
451 984 568 1054 animis
583 981 729 1052 calorem
744 982 922 1077 pristinum
938 979 1174 1072 reddiderunt,
1188 996 1224 1052 et
1236 980 1367 1051 Italiam
1382 981 1425 1050 ad

347 1092 402 1186 jus
418 1091 558 1160 civitatis
573 1089 748 1162 nobiscum
763 1087 1004 1184 exequendum
1019 1113 1222 1184 consurgere
1236 1113 1341 1184 passm
1355 1113 1426 1158 non

351 1211 429 1268 sunt
442 1223 450 1265 ε
465 1221 610 1292 namque
626 1211 666 1266 ut
679 1196 782 1292 patris
796 1197 912 1284 armis,
929 1195 976 1266 ita
993 1195 1104 1266 verbis
1117 1195 1177 1266 filii
1195 1195 1303 1266 fracta
1317 1195 1426 1266 cessit.

406 1305 470 1372 Par
495 1301 599 1373 iltius¹
616 1327 749 1398 quoque
773 1301 891 1372 Manlii
915 1303 1079 1398 gravitas,
1097 1304 1152 1373 cui
1176 1329 1281 1398 quum
1307 1327 1427 1372 consu-

353 1409 439 1480 latus
464 1411 615 1480 omnium
637 1433 802 1480 consensu
823 1407 1026 1499 deferretur,
1044 1433 1187 1506 eumque
1209 1409 1272 1480 sub
1292 1434 1428 1479 excusa·

353 1515 460 1588 tione²
471 1517 617 1588 adversae
632 1515 830 1587 valetudinis
841 1513 1017 1587 oculorum
1034 1531 1219 1604 recusaret,
1230 1517 1430 1586 instantibus

354 1625 500 1712 cunctis,
513 1626 650 1712 Alt'rrm,
667 1625 786 1719 inquit,
803 1627 952 1717 Quirites
958 1679 969 1712 ,
987 1631 1148 1720 queerite,
1165 1625 1219 1694 ad
1228 1649 1331 1720 quern
1341 1623 1431 1692 hinc

353 1732 515 1800 honorem
533 1731 757 1824 transfiratrs
767 1757 781 1818 ;
793 1754 876 1802 nam
890 1735 923 1801 si
937 1756 991 1802 nte
1004 1755 1125 1826 gerere
1141 1757 1217 1802 eum
1230 1733 1428 1828 coegen'tir,

354 1862 418 1908 nec
426 1863 490 1933 ego
503 1863 614 1908 mores
628 1855 761 1908 uestros
766 1837 866 1929 serre
872 1893 884 1926 ,
895 1830 960 1908 nec'
972 1862 1036 1908 tros
1048 1863 1158 1908 merent
1168 1843 1347 1936 irnperiurn
1353 1862 1434 1933 per·

349 1950 429 2040 peti
431 1950 604 2042 potentis.
618 1947 652 2014 si
667 1946 790 2041 privati
808 1959 877 2014 tam
895 1943 1082 2042 ponderosa
1096 1970 1178 2038 vox,
1192 1969 1294 2042 quam
1312 1968 1434 2040 graves

356 2050 445 2122 faces
464 2049 609 2122 consulis
630 2045 848 2122 exstitissent!

414 2202 447 2246 a.
465 2175 580 2248 Nihilo
600 2178 732 2272 segnior
750 2176 913 2272 Scipionis
932 2175 1099 2250 AErniliani
1114 2177 1225 2248 autin
1244 2175 1357 2265 curia,
1376 2189 1435 2244 aut

359 2283 394 2352 in
412 2284 574 2354 concione
593 2269 776 2379 gravitus³:
793 2285 850 2379 qui
866 2307 970 2378 quum
988 2283 1128 2354 haberet
1144 2298 1337 2356 consortem
1356 2306 1435 2352 cen·

357 2413 443 2458 surae
464 2391 682 2478 Mummium,
699 2405 739 2460 ut
762 2389 922 2478 nobilem,
943 2392 991 2460 ita
1013 2377 1162 2462 enervis⁴
1182 2391 1276 2480 vitae,
1293 2415 1357 2486 pro
1378 2413 1433 2458 ro-

360 2496 434 2564 stris
456 2495 557 2584 dixit,
575 2484 674 2565 se¹ex
689 2496 872 2588 majestate
885 2496 1083 2594 reipublt'cae
1101 2503 1219 2570 omnia
1234 2513 1430 2592 gestuum,

358 2605 391 2670 si
400 2601 469 2670 sibi
486 2607 574 2670 cives
592 2603 651 2672 trel
668 2601 840 2672 dedissent
857 2605 1045 2698 collegam,
1062 2605 1122 2672 arel
1133 2627 1204 2673 non
1222 2603 1400 2674 dedissent.

411 2707 523 2798 Idem,
534 2731 637 2803 quum
650 2707 719 2778 Ser.
733 2705 899 2804 Sulpicius
911 2707 1019 2778 Galba
1030 2707 1223 2779 etAurelius
1235 2694 1426 2780 Cotta⁵con

362 2811 448 2884 sules
465 2815 500 2883 in
517 2829 634 2885 senatu
650 2814 908 2907 contenderent,
923 2829 999 2885 uter
1020 2814 1180 2888 adversus
1194 2815 1375 2888 Viriathum
1387 2813 1426 2882 in

363 3015 464 3072 flutoen
486 3015 713 3089 CampenimNid.
730 3016 877 3085 Linvttt,
920 3019 1146 3082 consternationem,
1171 3015 1360 3088 ignomnorrere',
1381 3036 1434 3068 mc-

365 3101 391 3152 8.
406 3129 446 3140 -·-
461 3096 595 3152 Sociorum.
617 3096 710 3150 Livius
725 3097 800 3170 loqui
815 3115 877 3150 eum
920 3097 1069 3167 gnitudt'nnn
1085 3099 1248 3169 negotiemur,
1263 3111 1316 3152 etc.

362 3179 455 3248 jubet:
475 3202 487 3223 «
497 3177 553 3230 sive
567 3179 718 3242 Romanus,
730 3178 786 3230 cive
799 3196 877 3250 pere·
963 3175 990 3232 3.
1009 3176 1133 3234 Gravitas.
1148 3179 1199 3234 Au.
1210 3179 1247 3234 U.
1263 3183 1332 3234 611.
1344 3177 1435 3236 Aml.

363 3257 455 3327 grinue
470 3255 560 3309 fuerit,
575 3283 586 3303 ι
607 3257 687 3309 Multi
706 3255 815 3328 quidem
828 3257 876 3309 hr-
921 3255 992 3310 Vict.
1011 3257 1057 3313 58.

364 3337 463 3388 bebant
471 3337 515 3407 jus
530 3336 657 3393 civitatis,
672 3333 718 3388 scd
731 3355 785 3390 non
801 3337 878 3408 quale
962 3343 989 3402 4.
999 3337 1111 3392 Enervis.
1127 3337 1218 3391 Mollis
1229 3349 1255 3391 et
1266 3337 1436 3390 effeminata.

366 3416 418 3487 ipsi
430 3416 534 3469 romani
546 3415 624 3470 cives¹
637 3413 702 3469 vid.
718 3415 805 3482 inira,
818 3419 877 3484 IX,
921 3447 960 3458 —-
975 3417 1107 3488 Majestute
1123 3419 1273 3490 reipublice,
1285 3417 1369 3470 latine
1382 3415 1437 3469 dici

370 3515 419 3562 ro,
433 3514 458 3548 1.
921 3513 999 3566 posse
1013 3511 1091 3570 negat
1101 3499 1260 3564 venantur,
1269 3495 1388 3570 ideoque
1399 3497 1438 3550 le-

411 3594 435 3629 1.
456 3575 511 3627 Par
528 3575 601 3629 illitu.
622 3575 763 3629 Constcte
782 3573 877 3641 Livio,
920 3575 960 3645 git
973 3580 1097 3648 majestate
1105 3580 1193 3650 popuii
1204 3581 1310 3640 romani,
1324 3577 1372 3632 sed
1381 3575 1435 3630 virt

367 3657 474 3721 XXVI,
485 3653 797 3727 22,sliisque,eumdem
805 3655 880 3712 utan-
922 3657 1006 3726 VIII,
1021 3677 1051 3724 a,
1065 3658 1092 3711 3.
1107 3657 1232 3714 Similiter
1240 3677 1350 3730 quoque
1361 3675 1437 3728 repe·

367 3737 453 3802 lium,
468 3735 513 3808 qui
526 3747 587 3807 post
604 3753 762 3789 cannensem
776 3733 879 3788 cladem
921 3735 1028 3791 ciuntur
1042 3735 1113 3810 apud
1126 3750 1194 3792 auct.
1209 3737 1243 3792 ad
1253 3737 1436 3802 Herennium,

367 3817 476 3870 Latinos
486 3815 513 3867 in
522 3815 623 3869 curiam
632 3813 771 3870 admittere
778 3817 879 3884 noluit,
921 3814 968 3870 lib.
982 3817 1033 3884 tv,
1044 3819 1105 3871 illa:
1120 3819 1238 3890 Mrjestcs
1250 3819 1390 3890 reipublice
1404 3829 1439 3870 ert

368 3897 533 3950 consulatum
546 3915 686 3950 recusasse.
699 3899 751 3952 An.
762 3897 797 3951 U.
810 3896 877 3960 542.
922 3895 947 3946 in
961 3915 1008 3968 qua
1023 3903 1174 3951 eontinentur·
1185 3899 1294 3970 dignitus
1309 3910 1336 3949 et
1351 3898 1438 3968 curpi-

367 3976 458 4030 tutet.
472 3978 544 4031 Vict.
561 3996 585 4031 c.
602 3981 649 4032 28.
922 3975 988 4030 tudo.

411 4075 437 4108 a.
467 4057 639 4111 Excrrsatione.
662 4058 788 4110 Exeruere
809 4073 877 4128 sepe
966 4055 992 4110 5.
1014 4057 1146 4112 Cottc.1n
1162 4057 1205 4112 ed.
1220 4071 1275 4112 vet.
1292 4069 1320 4112 et
1336 4056 1437 4128 aliquot

369 4132 456 4200 idem,
471 4136 544 4206 quod
561 4141 721 4190 excusationis
733 4157 830 4192 comam
841 4137 878 4206 “fi
924 4135 998 4192 MSS.
1012 4138 1158 4206 omittitur,
1167 4139 1243 4196 male.
1254 4171 1295 4183 -
1306 4135 1439 4193 Contende·

363 4219 439 4282 serre.
459 4213 503 4268 Sic
522 4215 615 4270 dicunt
622 4219 732 4271 Veteres
745 4237 752 4273 :
767 4237 880 4271 mensure
923 4229 984 4272 rent.
999 4220 1049 4272 llu.
1064 4219 1100 4273 U.
1117 4223 1183 4289 609.
