3218 5128
377 532 484 601 cle.
512 531 610 618 vn,
643 531 712 599 na
745 529 977 600 somnus.
1113 570 1115 580 ·
1164 529 1209 628 57

147 665 345 762 pendentem
365 665 581 733 mutationem
596 675 700 733 status
716 663 889 756 cognosci,
902 663 945 731 ab
960 660 1016 732 illo
1034 663 1132 732 etiam
1151 663 1214 733 dif-

152 774 230 842 ferri
239 773 292 842 Dii
300 768 500 840 immortales
511 768 752 856 volueruut;ut
762 767 852 838 aliud
863 767 943 839 caelo
952 767 1053 839 decus
1062 768 1213 858 daretur,

151 878 239 948 aliud
260 877 517 972 promitteretur.

205 983 238 1054 3.
257 983 345 1053 Illud
363 985 461 1052 etiarn
475 984 686 1067 somniumet
700 1007 828 1078 magnae
846 982 1070 1052 admirationis
1082 996 1117 1050 et
1134 981 1214 1052 clari

149 1091 255 1160 exitus
265 1089 287 1175 ¹,
309 1089 399 1184 quod
419 1089 534 1160 eadem
555 1103 652 1159 nocte
673 1090 740 1159 duo
761 1087 912 1160 consules
932 1091 967 1157 P.
987 1089 1111 1158 Decius
1127 1104 1161 1158 et
1174 1089 1212 1157 T.

150 1195 296 1266 Manlius
313 1199 517 1291 Torquatus,
535 1195 635 1266 latino
661 1194 763 1284 bello,
786 1211 820 1265 et
841 1197 935 1290 gravi
960 1209 993 1264 et
1013 1193 1214 1290 periculoso,

150 1327 220 1372 non
239 1302 393 1398 procula
413 1304 551 1373 Vesuvii
570 1306 692 1372 montis
712 1303 877 1372 radicibus
899 1303 1013 1397 positis
1031 1304 1146 1371 castris
1168 1302 1215 1369 vi·

151 1409 280 1479 derunt.
300 1409 440 1504 Utrique
458 1411 546 1479 enim
566 1410 699 1504 quidam
724 1435 784 1504 per
804 1410 922 1504 quietis
945 1405 1109 1504 speciem²
1127 1431 1215 1502 prte-

153 1515 251 1603 dixit,
273 1544 291 1580 a
310 1541 350 1584 ex
370 1515 473 1584 altera
492 1519 562 1586 acie
577 1519 827 1611 imperatorem,
843 1541 882 1584 ex
901 1513 1004 1584 altera
1018 1516 1214 1596 exercitum,

154 1623 227 1691 Diis
250 1621 406 1692 Manibus
428 1625 594 1718 Matrique
617 1638 713 1692 terrae
734 1623 869 1692 deberi:
890 1625 996 1692 utrius
1017 1636 1126 1690 autern
1149 1620 1217 1688 dux

154 1729 265 1823 copias
286 1728 430 1798 bostium
457 1729 692 1824 aggrederetur
702 1715 727 1812 ³,
752 1753 915 1824 superque
938 1751 993 1798 eas
1018 1753 1088 1797 sese
1109 1728 1216 1821 ipsum

154 1835 358 1920 devovisset,
376 1835 546 1904 victricem
565 1836 739 1903 abituram.
757 1865 774 1900 u
789 1834 831 1903 Id
848 1833 922 1905 luce
937 1835 1087 1928 proxima
1104 1857 1218 1906 consu-

155 1938 241 2010 libus
258 1939 419 2011 sacrificio
433 1939 486 2008 vel
499 1941 694 2035 expiaturis,
712 1942 739 2008 si
757 1955 868 2034 posset
885 1941 1006 2026 averti,
1022 1938 1091 2024 vel,
1106 1941 1132 2006 si
1168 1962 1217 2006 er-

158 2061 230 2113 tum
243 2047 393 2114 Deorum
407 2047 506 2115 etiam
520 2047 648 2116 monitu
659 2047 766 2116 visum
782 2046 883 2134 foret,
898 1963 1219 2140 exsequunrris,iro·

158 2259 199 2270 -
212 2228 291 2280 Anno
305 2228 341 2282 U.
355 2247 420 2298 7⁰9·
436 2227 665 2302 Suetonius,cap.
713 2241 799 2283 autem
820 2230 951 2283 incertum
977 2241 1060 2294 esset,
1085 2245 1146 2300 qu·
1165 2228 1220 2280 cui·

157 2307 288 2372 Lxxxl;
301 2307 399 2380 Obseq.
413 2327 471 2380 cap.
490 2326 552 2379 ¹²7·
712 2329 764 2381 que
780 2310 883 2362 sortitio
899 2308 1058 2380 contigerit,
1076 2308 1168 2362 Manes
1192 2321 1219 2360 et

202 2387 667 2459 1.Esitrrs.l’igb.inu·usitrerbum
711 2389 832 2442 Manium
845 2391 932 2442 Deum
947 2389 1113 2442 invocabant.
1127 2388 1219 2440 Manes

152 2468 223 2534 suin·
241 2465 424 2537 intempestiva
439 2486 501 2522 saue
515 2467 666 2521 liberalim.
710 2470 799 2542 itaque
807 2467 1164 2531 defunctornmumbrss,vsl
1172 2485 1221 2538 po·

159 2579 199 2590 -
211 2539 300 2598 Latino
312 2545 380 2599 betto.
393 2547 481 2600 Latini
494 2546 565 2600 enim
578 2559 668 2618 postu-
710 2549 763 2602 tius
777 2550 879 2603 animas.
890 2550 939 2602 lta
952 2549 1026 2602 Plato
1041 2549 1070 2601 in
1085 2549 1176 2600 Timo
1192 2557 1220 2599 st

157 2627 257 2690 labant,
262 2639 291 2678 ut
297 2627 518 2680 altercos.sxsuis
524 2639 665 2680 crearetur.
713 2627 814 2702 Craqlo
828 2629 955 2701 optimam
968 2629 1049 2682 animi
1061 2627 1145 2680 nostri
1158 2643 1218 2698 par·

202 2723 227 2758 a.
240 2706 291 2757 Per
305 2709 389 2777 quistis
402 2706 574 2778 speciem,i.e.
589 2706 667 2760 invi-
710 2721 765 2762 tem
777 2708 897 2762 daemona
910 2708 1059 2781 appellavit
1080 2709 1140 2778 lpse
1160 2706 1218 2759 Ori·

159 2786 233 2839 sione
247 2799 385 2840 nocturna.
709 2807 794 2858 gena,
817 2790 863 2860 qui
878 2789 924 2841 illa
943 2807 959 2841 c
975 2788 1086 2840 Platone
1103 2785 1220 2838 hausisse

202 2865 229 2918 3.
245 2866 434 2936 Aggredersrur.
446 2866 498 2918 Pro
510 2885 579 2919 vano
596 2864 669 2919 addi·
711 2867 831 2934 videtur,
841 2869 940 2921 animas
952 2866 1114 2920 nummum
1124 2864 1221 2918 dumo·

160 2957 277 2998 umento
285 2945 364 2999 babet
371 2946 506 3010 vorstius,
517 2965 601 3018 quum
611 2945 668 3000 brec
711 2967 759 3002 nes
767 2949 864 3001 mutari
874 2947 998 3012 amauit,
1008 2947 1055 2998 lib.
1064 2943 1120 3015 πιρὶ
1130 2946 1219 3014 ἀρχῶν.

159 3023 290 3096 soxcpud
297 3027 418 3081 Limnen
428 3026 544 3097 legatur,
555 3027 669 3097 staple·
712 3029 773 3080 Non
796 3027 838 3081 his
853 3039 955 3080 tantum
973 3025 1117 3090 Manibus,
1130 3021 1176 3076 sed
1194 3035 1221 3076 et

159 3105 250 3176 risque
267 3103 344 3159 codd.
366 3105 442 3159 absit.
458 3105 558 3159 Locum
571 3105 670 3160 habere
712 3108 791 3161 Matri
812 3109 908 3171 Terra,
930 3123 988 3178 qun
1007 3117 1034 3158 ct
1051 3103 1151 3158 Graccis
1170 3103 1222 3156 suit

159 3183 267 3236 videtur
278 3185 334 3238 bac
351 3185 492 3251 sententia,
508 3186 571 3258 quia
589 3185 669 3238 ctiam
713 3188 792 3259 μήτηρ
805 3207 832 3241 τι
843 3193 902 3240 drus
913 3181 960 3244 ridi
971 3191 1064 3242 θνητῶν
1075 3183 1221 3256 ἀνθρώπων,

159 3262 280 3316 bostium
294 3266 376 3336 copiae
385 3265 463 3318 simul
478 3263 580 3319 devotas
597 3277 667 3319 sunt.
712 3264 1137 3331 resederovsruut.Quodsicnim
1143 3281 1223 3334 grave

163 3343 296 3394 Craterum
322 3363 378 3396 mos
408 3346 531 3416 antiquus
561 3345 670 3418 expian-
712 3347 861 3419 periculum
874 3346 1012 3399 imminere
1030 3342 1179 3408 videretur,
1195 3353 1222 3395 ct

162 3419 262 3473 dorum
285 3421 392 3474 Manium
413 3444 427 3477 n
448 3425 534 3478 Numa
553 3425 670 3496 primum
714 3427 845 3498 aruspices
856 3427 1223 3490 nuntiarent,Dcosnouesse

162 3501 301 3554 institutus
311 3501 437 3566 traditur,
449 3505 494 3575 qui
504 3517 599 3576 prater
609 3505 671 3557 alias
713 3507 841 3578 placatos,
864 3518 921 3558 tum
936 3505 1031 3576 aliquis
1052 3521 1084 3556 cx
1107 3501 1223 3555 romanis

163 3581 285 3634 victimas
306 3583 431 3652 sanguine
452 3585 530 3638 ctiam
554 3585 671 3638 humano
714 3585 826 3640 ducibus
833 3605 883 3658 pro
891 3585 1009 3639 exercitu
1019 3594 1136 3635 suoseet
1144 3582 1222 3635 simul

163 3661 344 3733 placabantur.
367 3663 446 3715 Juxta
466 3664 607 3734 Apuleium
629 3662 671 3716 di·
714 3665 983 3720 hostiumexercitum
992 3661 1113 3726 devovit,
1125 3660 1221 3734 dequo

164 3742 390 3794 stinxereVeteres
401 3742 469 3795 iuter
476 3743 599 3808 Lemures,
609 3745 671 3794 Lar-
713 3745 916 3818 reg.1.iv.vt11,
929 3762 973 3797 ro.
983 3774 1018 3785 -
1036 3743 1163 3794 Victricem
1174 3742 1224 3793 abi-

166 3839 205 3874 res
218 3833 245 3873 ct
253 3821 347 3874 Manes.
360 3823 401 3874 Ex
409 3823 567 3876 Lemuribus
578 3825 613 3888 is,
627 3823 673 3894 qui
717 3839 803 3878 ruram.
820 3825 863 3878 Sic
881 3842 942 3878 cum
957 3822 1077 3894 plurimis
1088 3820 1166 3874 codd.
1181 3841 1222 3874 re·

165 3913 332 3972 posterorum
340 3921 450 3954 suorum
458 3921 549 3956 curam
556 3902 672 3969 sortitur,
716 3906 783 3958 otius
796 3904 905 3976 legitur,
921 3919 1000 3974 quarn
1014 3906 1140 3954 uictoriam
1154 3901 1223 3952 tatt-

165 3993 303 4050 paratust
324 3983 414 4053 quicto
435 3983 544 4035 numine
564 3980 673 4036 domum
718 3998 808 4046 turum,
828 3981 900 4055 quod
913 3981 1024 4036 devotus
1036 3995 1096 4054 post
1110 3993 1223 4034 mortem

166 4059 290 4130 possidet.
318 4061 371 4116 Lar
399 4061 498 4116 dicitur
519 4062 671 4124 familiaris,
716 4064 854 4117 victoriam
870 4063 966 4116 babere
985 4081 1038 4116 nou
1058 4073 1169 4133 poterat.
1183 4091 1224 4102 -

168 4141 239 4209 quasi
249 4142 340 4212 genius
350 4157 375 4196 et
385 4143 490 4198 antistes
500 4141 602 4196 domus.
612 4143 676 4196 Lar·
718 4145 768 4196 An.
776 4145 810 4196 U.
828 4144 892 4207 413.
903 4143 1008 4208 Livius,
1020 4143 1100 4204 Vnt.
1117 4145 1150 4205 6;
1164 4139 1221 4194 Cic.

166 4237 205 4273 ra
223 4233 344 4293 vagantes
364 4223 464 4278 infesta
479 4225 562 4279 malis.
584 4223 673 4290 Quum
718 4223 858 4277 Tusculan.
872 4225 899 4290 l,
914 4225 963 4295 373
978 4224 1036 4276 Fin.
1054 4223 1093 4290 ll,
1110 4239 1153 4286 19.
