3168 5124
386 501 462 590 ιιι
577 497 803 570 vinnan
838 496 1049 564 ιιιιιιιιιι
1083 452 1180 566 ιιι.
1216 499 1284 567 v1.

385 650 492 730 atque
511 647 631 729 aperte
652 655 795 726 corpore
816 644 984 724 quaestum
992 627 1223 720 factitasset,
1249 632 1460 706 intercessio·

385 765 462 812 nem
490 765 584 810 suam
609 740 821 833 interponere
850 733 1057 821 noluerunt;
1086 736 1197 831 itaque
1225 739 1402 810 Cornelius
1427 744 1461 812 in

386 872 520 918 carcere
546 847 630 914 mori
657 859 792 914 coactus
817 857 877 912 est.
900 845 980 912 Non
1001 841 1182 936 putarunt¹
1206 844 1329 914 tribuni
1353 845 1461 941 plebis

385 951 627 1050 rempublicam
648 965 795 1020 nostram
817 974 893 1018 cum
915 949 1057 1020 fortibus
1079 950 1159 1020 viris
1179 952 1301 1046 pacisci
1319 969 1460 1048 oporte-

385 1088 442 1150 re,
457 1075 495 1130 ut
514 1059 657 1128 externis
677 1055 831 1152 periculis
852 1053 1075 1125 domesticas'
1096 1055 1229 1128 delicias
1245 1075 1404 1129 emerent

444 1191 499 1238 ιι.
519 1165 701 1236 Libidinosi
717 1163 920 1233 centurionis
935 1161 1151 1292 supplicium,
1161 1161 1208 1232 M.
1221 1167 1353 1236 Laetorii
1364 1169 1458 1238 Mer·

383 1301 417 1370 gr
409 1273 560 1344 tribuni
582 1270 749 1358 militaris,
768 1294 860 1364 reque
880 1267 994 1338 similis
1035 1268 1143 1338 foedus
1166 1273 1274 1340 exitus
1292 1277 1459 1368 sequitur;

383 1383 437 1452 cui
464 1379 637 1450 Cominius
664 1377 817 1447 tribunus
844 1373 948 1470 plebis
979 1375 1066 1446 diem
1094 1376 1137 1446 ad
1163 1377 1324 1473 populum
1348 1380 1454 1470 dixit,

381 1487 473 1582 quod
491 1470 772 1557 cornicularium
794 1507 890 1552 suum
915 1484 1021 1612 stupri
1042 1507 1140 1552 causa
1161 1483 1380 1580 appellasset;
1396 1514 1456 1560 nec

380 1595 537 1666 sustinuit
555 1594 626 1686 ejus
646 1594 694 1660 rei
716 1591 911 1660 sententiam
924 1575 1135 1676 ⁵Laetorius,
1156 1591 1214 1662 sed
1232 1617 1267 1661 se
1288 1595 1359 1687 ipse
1379 1610 1455 1666 aute

376 1701 492 1796 judicii
515 1715 646 1794 tempus
665 1697 743 1793 fuga
762 1699 854 1792 prius
877 1695 1068 1784 subtraxit,
1089 1697 1208 1768 deinde
1229 1701 1328 1769 etiam
1346 1717 1454 1772 morte

355 1881 358 1904 Ι
378 1805 520 1928 punivit.
537 1809 671 1875 Naturae
686 1803 823 1874 modum
840 1788 1072 1898 expleverat⁶:
1091 1804 1160 1874 fato
1176 1820 1288 1874 tamen
1302 1807 1451 1895 iunctus,

377 1917 541 1985 universae
566 1912 672 2008 plebis
696 1913 858 1982 sententia
880 1911 1018 1980 crimine
1040 1911 1253 2006 impudicitiae
1274 1913 1452 1986 damnatus

378 2037 454 2108 est;
477 2023 570 2117 signa
587 2019 680 2088 illum
704 2019 874 2106 militaria,
893 2032 1029 2087 sacratae
1054 2017 1191 2112 aquila,
1212 2034 1247 2088 et
1267 2023 1451 2094 certissima

375 2131 507 2200 romani
521 2128 652 2222 imperii
667 2140 795 2211 custos,
810 2148 924 2194 severa
936 2137 1121 2194 castrorum
1137 2124 1330 2222 disciplina,
1345 2153 1449 2224 usque

375 2235 419 2306 ad
434 2235 559 2304 inseras
574 2247 773 2329 persequuta
793 2246 868 2300 est:
891 2231 1067 2324 quoniam,
1085 2233 1178 2325 cujus
1199 2235 1359 2328 magister
1379 2261 1448 2306 esse

375 2342 555 2428 debuerat,
573 2341 754 2410 sanctitatis
772 2351 949 2432 corruptor
970 2337 1119 2407 tentabat
1137 2341 1304 2408 exsistere.

435 2473 490 2518 ιι.
513 2451 587 2516 Hoc
607 2448 713 2516 movit
730 2447 769 2515 C.
789 2447 935 2514 Marium
953 2445 1191 2541 'imperatorem
1212 2447 1323 2533 tum⁷,
1343 2473 1443 2542 quum

376 2557 413 2628 C.
438 2558 622 2638 burrum,
646 2559 774 2622 sororis
798 2575 872 2620 succ
880 2551 1021 2641 filium,
1046 2551 1215 2622 tribunum
1237 2555 1398 2639 ιιιᾶἰιιιιιι,
1420 2579 1445 2626 α

373 2739 883 2814 mulamsequitnrplerumqueni.Vid.
928 2743 1058 2795 nicularios
1082 2744 1226 2815 appellant.
1247 2771 1257 2790 ι
1279 2745 1356 2796 Juxta
1373 2745 1438 2797 alios

371 2843 445 2897 supr.
459 2825 500 2888 ll,
512 2827 543 2890 8,
556 2843 580 2876 a.
594 2820 646 2876 Sed
656 2819 792 2874 interdum
804 2822 884 2876 etiam
927 2823 964 2874 ita
981 2836 1043 2876 sunt
1055 2825 1158 2890 vocati,
1168 2823 1242 2896 quod
1255 2842 1301 2876 nna
1312 2843 1372 2876 cum
1381 2824 1435 2876 suis

372 2901 683 2978 quod.Vid.inlr.V1[‚
704 2921 735 2970 s,
752 2909 776 2965 4.
926 2901 1117 2958 decurionibus
1133 2905 1162 2956 in
1180 2905 1301 2958 cornibus
1320 2904 1438 2957 acierum

417 3003 441 3038 1.
463 2986 594 3036 Putaram.
608 2983 659 3034 Hir
671 2981 882 3036 undecim'MSS.
926 2997 1113 3037 statuerentur.
1130 2985 1256 3038 Vorstius
1270 2997 1356 3038 autem
1375 3005 1441 3056 pro·

328 3090 332 3098 ·
374 3078 401 3120 et
415 3063 477 3118 edd.
491 3077 555 3118 vett
573 3064 695 3116 inserunt
709 3067 779 3116 enim.
926 3065 993 3128 bat,
1015 3065 1206 3118 cornicularius
1236 3065 1316 3118 fuisse
1346 3065 1443 3118 milites

418 3165 443 3200 a.
460 3145 619 3196 Domesticar.
629 3143 668 3194 Ut
678 3137 822 3207 iisbceret,
834 3139 882 3196 do·
907 3129 1126 3211 *honoratiorem
1146 3145 1318 3200 tribunorum
1335 3164 1365 3198 ac
1381 3165 1443 3198 cen·

373 3225 412 3277 mi
427 3224 541 3295 turpiter
554 3224 652 3276 virere.
663 3221 882 3294 Sicetiamsupra
926 3224 1066 3278 turionuna
1091 3225 1294 3291 beneficiarios,
1317 3223 1404 3278 dictos
1428 3244 1441 3278 a

372 3303 459 3358 dixit:
474 3301 539 3396 quid
551 3300 659 3373 prodest
675 3301 882 3356 lorisessestre·
924 3303 1062 3358 corniculo
1079 3305 1229 3376 galearum,
1249 3325 1310 3378 quar
1328 3307 1440 3378 speciem

370 3403 472 3450 nuum,
483 3403 504 3436 ιι
497 3381 591 3436 domi
605 3381 674 3434 mele
684 3381 799 3434 vixeris?
925 3402 1056 3437 cornuum
1070 3385 1228 3438 referebant.

412 3467 438 3518 3.
457 3464 557 3518 Similis.
578 3461 655 3516 Hauc
668 3465 760 3514 roem
776 3461 883 3532 Lipsius
968 3464 994 3518 5.
1004 3464 1160 3518 Sementiva.
1170 3463 1299 3532 Quodam
1308 3464 1387 3520 editt.
1398 3465 1443 3519 ha·

368 3557 396 3600 et
409 3545 566 3598 Perizonius
585 3553 678 3596 contra
693 3559 785 3594 omnes
800 3541 882 3594 libros
925 3545 990 3598 bent
1005 3549 1143 3607 ιοὶιιιιὶιιηι,
1159 3545 1233 3600 unde
1248 3546 1365 3600 Torren.
1381 3563 1443 3600 con·

366 3622 570 3696 expungendam
587 3633 690 3694 putant.
705 3651 746 3664 —·
760 3621 899 3692 Sequitur.
924 3625 987 3694 jecit
1001 3629 1176 3679 conscientiam.
1187 3625 1374 3680 -Sabrmta
1384 3626 1440 3678 Hoc

366 3708 419 3760 An.
441 3705 476 3758 U.
492 3704 564 3770 436,
581 3703 644 3756 circ.
661 3699 755 3756 Suidas
770 3700 799 3754 in
817 3719 882 3754 voce
925 3705 1022 3776 partim
1033 3705 1078 3758 alii
1093 3705 1168 3775 libri,
1185 3707 1284 3779 partim
1302 3719 1380 3759 morte
1391 3727 1440 3777 pu·

281 3797 285 3804 .
365 3791 449 3848 rap-,4
924 3787 985 3836 nivis
999 3785 1136 3840 omittunt.

410 3871 436 3928 4,
466 3863 666 3918 cornicularium.
693 3859 822 3914 Asconius
845 3861 881 3916 ita
966 3869 993 3918 6.
1005 3865 1108 3918 Natura:
1119 3867 1213 3918 mdrrm
1222 3866 1367 3937 explerent.
1377 3866 1440 3918 Hac

367 3946 465 3998 refert:
480 3942 614 3998 eaccensi
633 3939 791 3996 dicebantur
806 3941 881 3994 attri·
924 3945 1003 3998 verbs
1017 3943 1129 4000 delenda
1141 3960 1237 4019 putant
1249 3947 1401 4002 Torrenius
1414 3959 1441 4000 et

366 4023 427 4076 buti
437 4023 641 4084 decurionibus,
652 4021 703 4076 boc
715 4034 754 4076 est
765 4021 881 4075 ministri
924 4026 1047 4078 nonnulli
1062 4027 1115 4079 alii.

366 4121 479 4166 eorum,
497 4104 573 4173 quasi
591 4101 626 4155 ad
646 4121 755 4156 censum
776 4100 880 4168 additi,
966 4123 993 4174 7.
1020 4107 1089 4160 Tum.
1111 4109 1160 4160 An.
1179 4107 1214 4160 U.
1234 4111 1301 4176 649.
1323 4108 1398 4160 Plut.
1412 4107 1440 4160 in

365 4199 432 4252 quos
442 4199 513 4274 nunc
525 4183 772 4235 commentarienses
788 4195 814 4233 et
828 4203 880 4234 ror-
925 4184 978 4236 rita
987 4186 1079 4251 Marii,
1089 4200 1115 4239 rt
1126 4188 1153 4239 in
1167 4187 1311 4260 apopbtb.;
1322 4188 1380 4242 Cic.
1389 4207 1441 4258 pro
