3190 5122
383 471 457 546 338
588 471 810 542 VALERII
844 473 1055 542 MAXIMI
1088 473 1186 542 LIB.
1221 475 1263 542 V.

381 605 619 702 pugnationem
649 595 869 700 perageret),
899 603 941 672 ab
976 603 1149 673 obsidione
1182 604 1359 675 discessit:
1384 633 1452 701 quo

382 711 517 808 quidem
529 726 598 780 tam
613 710 766 780 clementi
782 710 887 796 lacto,
897 711 957 780 etsi
970 736 1038 779 non
1049 712 1146 779 unius
1161 713 1301 781 civitatis
1316 717 1453 802 moenia,

383 820 533 890 omnium
550 832 662 886 tamen
682 817 913 887 celtiberarum
933 817 1065 886 urbium
1085 820 1212 887 animos
1232 819 1359 913 cepit¹,
1377 820 1454 890 else

385 928 514 1020 citque,
535 939 572 994 ut
587 924 629 992 ad
643 923 837 1020 redigendas
858 947 913 992 eas
933 925 966 992 in
982 923 1139 994 ditionem
1154 924 1268 1021 populi
1284 950 1369 996 rom.
1385 951 1452 996 non

384 1032 496 1102 multis
512 1031 572 1102 sibi
587 1031 813 1101 obsidionibus
830 1055 914 1124 opus
927 1044 1020 1102 esset.

440 1137 474 1208 6.
512 1135 681 1207 Africani²
707 1161 838 1232 quoque
870 1137 1060 1232 posterioris
1084 1137 1271 1208 humanitas
1306 1141 1452 1234 speciose

385 1245 515 1340 lateque
538 1245 658 1340 patuit3
680 1257 869 1340 expugnata
889 1244 978 1312 enirn
997 1243 1215 1338 Cartbagine,
1231 1247 1318 1315 circa
1338 1245 1453 1315 Siciliae

386 1354 535 1424 civitates
553 1349 676 1422 litteras
695 1352 805 1438 misit,
823 1365 861 1418 ut
878 1363 1073 1420 ornamenta
1092 1347 1335 1469 templorum
1316 1377 1454 1421 suorum

386 1484 406 1528 a
430 1459 539 1528 Poenis
562 1471 657 1550 rapta
684 1482 745 1551 per
767 1455 892 1551 legatos
900 1471 1167 1587 recuperarent,
1186 1459 1286 1552 inque
1309 1461 1454 1553 pristinis

386 1565 518 1636 sedibus
533 1564 724 1659 reponenda
740 1548 926 1632 curarent³:
939 1563 1138 1634 beneficium
1150 1563 1211 1668 diis
1222 1566 1346 1659 pariter
1356 1580 1455 1660 atque

387 1671 577 1742 hominibus
596 1665 791 1806 acceptum!

443 1803 476 1874 7
494 1776 581 1846 Huic
598 1763 705 1844 [ιιοιο4
721 1799 782 1870 par
799 1775 993 1869 ejusdem
962 1801 1023 1844 vrri
1016 1777 1249 1846 humanitas:
1262 1791 1454 1896 aquaestore

388 1909 461 1972 suo,
486 1867 615 1952 bastae⁵
637 1882 802 1975 subjectos
828 1884 976 1976 captivos
1003 1883 1189 1967 vendente,
1217 1909 1301 1978 puer
1332 1885 1455 1952 eximiae

391 1991 506 2060 formae
523 2004 557 2058 et
578 1987 720 2058 liberalis
739 1988 872 2058 habitus
896 1989 1013 2058 missus
1038 2004 1105 2074 est3
1124 1989 1165 2058 de
1185 2015 1252 2084 quo
1276 2015 1379 2084 quum
1398 2015 1455 2058 ex·

391 2095 572 2193 plorasset,
589 2095 759 2166 numidam
779 2119 868 2182 esse,
888 2095 1009 2164 orbum
1030 2093 1181 2164 relictum
1200 2121 1219 2164 a
1240 2112 1354 2216 patre,
1374 2097 1456 2166 edu-

392 2219 503 2274 catum
526 2202 615 2296 apud
634 2201 836 2272 avunculum
856 2203 1080 2288 Masinissam,
1095 2227 1135 2270 eo
1154 2204 1328 2295 ignorante
1343 2206 1457 2272 imma·

393 2325 502 2378 turam
524 2308 681 2378 adversus
708 2308 910 2378 Romanos
901 2331 1085 2401 ingressum
1113 2307 1280 2394 militiam3
1299 2323 1333 2377 et
1355 2311 1457 2378 errori
1545 2329 1548 2338 “

393 2413 478 2484 illius
496 2416 628 2484 veniam
643 2413 802 2514 dandam,
817 2429 850 2484 et
872 2415 1022 2484 amicitiae
1043 2414 1128 2509 regis
1149 2361 1316 2484 fidissinii⁶
1334 2415 1458 2510 populo

395 2637 522 2689 mortem,
540 2636 571 2678 ut
592 2623 677 2678 Greci
699 2619 797 2690 stodor,
813 2641 907 2678 vocare
951 2625 1007 2678 solo
1016 2622 1076 2678 cod.
1085 2625 1224 2697 Campemr
1231 2623 1322 2679 dedit:
1335 2647 1373 2678 aa
1378 2645 1458 2698 5qma

396 2710 492 2758 exitum.
951 2724 983 2758 ex
1006 2705 1084 2758 Livio
1110 2705 1247 2758 manifeste
1272 2718 1397 2776 apparet,
1420 2707 1458 2758 la·

441 2808 462 2839 1.
479 2785 727 2855 Omnium.....cepie.
739 2783 843 2837 Eisone
854 2801 910 2836 cer·
951 2796 1023 2837 ctum
1039 2784 1091 2837 hoc
1105 2783 1223 2837 Africani
1241 2803 1297 2837 non
1310 2789 1455 2856 paucioris,

398 2866 453 2920 tior
466 2877 492 2918 et
503 2865 597 2918 melior
609 2865 734 2930 victoria,
749 2883 808 2935 que
819 2864 849 2917 fit
858 2863 909 2918 cle
952 2861 998 2917 sed
1010 2867 1137 2934 superioris
1152 2865 1239 2918 luisse.
1256 2867 1405 2936 Utrumque
1419 2879 1459 2918 ιι-

397 2947 496 3000 mentia
507 2963 601 3016 ,qnam
615 2963 674 3016 qun
689 2945 788 2998 sevitia
801 2957 828 2998 et
843 2963 907 3016 pro·
952 2963 1013 2998 men
1038 2944 1125 3015 ipsum
1140 2944 1276 2998 Valerium
1296 2943 1460 3010 confodisse,

399 3027 458 3080 fuso
474 3025 610 3094 sanguine.
952 3042 1007 3077 non
1019 3021 1101 3076 fidem
1109 3022 1227 3090 excedit,
1238 3043 1322 3096 quum
1333 3023 1461 3096 ejusmodi

442 3125 467 3158 a.
476 3107 601 3172 Africani,
612 3116 661 3157 etc.
671 3107 721 3157 An.
730 3105 764 3156 U.
776 3107 842 3173 607.
852 3103 908 3158 Cic.
952 3121 1054 3158 errores
1064 3105 1158 3174 sepius
1169 3118 1323 3170 oocunant,
1338 3117 1365 3157 et
1377 3105 1462 3158 oneri

400 3186 480 3238 Verr.
495 3185 544 3248 IV,
560 3185 613 3250 33,
626 3185 672 3248 34.
681 3215 721 3226 --
732 3185 841 3254 Speciosa
851 3184 910 3234 lare·
953 3179 1030 3236 codd.
1038 3182 1152 3236 habeant
1161 3183 1467 3238 autumnitanus

400 3284 444 3337 que
454 3261 586 3334 paruit.1d
595 3275 646 3329 est,
659 3263 687 3316 in
699 3263 788 3316 multis
799 3263 910 3316 urbibus
952 3281 1013 3316 nem
1031 3261 1185 3332 Piglrinnnm
1203 3267 1242 3316 avi
1259 3263 1287 3316 in
1304 3276 1408 3317 textum
1423 3283 1462 3316 re·

400 3341 910 3414 manimecomrpicuamseprnbuit.Nec
953 3341 1037 3414 copim
1056 3359 1086 3394 ec
1105 3343 1142 3394 sic
1160 3342 1328 3397 Helbecbtns
1349 3361 1462 3416 qnoque

401 3421 912 3494 est,quodcumPerizoniolegatu1-spe·
954 3421 1075 3492 Kappius
1083 3421 1158 3476 dedit
1167 3427 1353 3494 oiri,eumqne
1361 3425 1463 3496 sequuti

400 3507 473 3556 cioca.
954 3520 1059 3566 sumus,
1084 3513 1219 3556 attextus
1242 3517 1363 3556 coeunte
1386 3517 1464 3574 atque

444 3583 470 3636 3.
491 3583 526 3634 Ue
538 3592 866 3634 omamnea......curanent.
877 3581 912 3634 Et
954 3582 1055 3634 sincere
1067 3582 1242 3636 constituatur
1255 3601 1288 3636 ex
1300 3581 1379 3636 codd
1388 3582 1463 3635 MSS.

402 3661 452 3714 hac
472 3680 501 3714 re
520 3662 612 3732 Scipio,
635 3675 664 3714 ut
682 3661 816 3726 AEmilius,
838 3679 911 3713 com·
955 3673 982 3714 et
997 3659 1074 3725 edd,
1088 3661 1135 3732 qui
1145 3659 1179 3714 ad
1195 3681 1278 3716 unum
1290 3681 1380 3716 ornnes
1394 3663 1464 3716 banc

402 3753 549 3794 monstrare
563 3742 663 3806 voluit,
679 3740 809 3811 populum
824 3758 912 3792 roma·
955 3741 1094 3794 lectionem
1112 3754 1228 3796 tuentur.

401 3841 467 3876 num
476 3839 526 3893 pro
535 3821 656 3890 equitate
664 3820 757 3890 magis,
767 3838 845 3890 quarn
855 3837 914 3872 ava·
998 3820 1024 3873 5.
1038 3821 1135 3874 Hestoe.
1153 3821 1278 3874 Solebam
1295 3823 1323 3874 in
1337 3820 1465 3875 auctioni·
1498 3844 1506 3882 7

401 3903 462 3954 rina
484 3900 618 3954 dimicare.
639 3899 710 3954 Vide
734 3901 914 3971 Eutropium,
956 3900 1005 3952 bus
1020 3918 1065 3952 seu
1079 3899 1279 3954 venditionibus
1294 3902 1409 3972 publicis
1423 3902 1466 3950 la·

403 3981 450 4034 lib.
466 3981 581 4052 lV,cap.
598 3988 625 4045 4.
956 3993 1012 4042 stoe,
1034 3981 1166 4052 precipue
1186 3993 1345 4052 pratorum,
1359 3979 1466 4052 preligi.

446 4066 471 4120 a.
487 4062 553 4112 Huic
563 4062 643 4127 sacto.
660 4062 711 4113 An.
724 4061 759 4114 U.
774 4059 839 4123 544.
853 4058 913 4112 Liv.
957 4092 997 4106 --
1009 4061 1083 4112 Puer.
1101 4061 1152 4114 Cui
1165 4079 1263 4114 nomen
1277 4061 1399 4114 Massiva.

404 4137 523 4204 XXVII,
546 4158 590 4207 19.
611 4170 646 4184 -
666 4142 732 4192 Vni.
753 4139 862 4208 Pighius
882 4157 914 4192 ex
998 4143 1025 4194 6.
1042 4139 1241 4211 Amirrnnfis
1250 4139 1374 4212 fidissimi.
1389 4139 1469 4192 Notat
