3190 5122
213 533 319 603 CAP.
346 533 426 620 III,
452 529 520 640 DE
547 531 735 611 ABSTIN.
764 537 826 612 ET
851 546 1055 626 CONTIN.
1113 561 1188 661 289

126 689 203 734 narn
222 665 428 762 provinciam
446 681 552 761 petat,
572 670 689 740 eodem
704 674 797 763 cibo,
818 678 999 778 eodemque
1014 691 1107 783 vino,
1121 715 1189 792 quo

125 785 249 858 nautae',
278 772 326 840 uti
346 787 520 844 contentus
542 777 599 865 sit,
623 803 734 850 nonne
754 785 946 858 miserabilis
966 794 1189 876 existimetur?

123 879 224 972 Atqui
237 879 300 948 ista
313 881 549 974 patientissime
563 887 713 978 superior
724 891 808 958 Cato
821 891 990 988 toleravit,
1004 905 1080 996 quia
1093 908 1187 984 illum

124 999 217 1077 grata
241 984 437 1080 frugalitatis
458 991 688 1060 consuetudo¹
712 995 747 1063 in
766 995 832 1068 hoc
860 1025 980 1095 genere
1006 1011 1082 1082 vitae
1108 1043 1186 1091 curn

124 1115 253 1160 summa
272 1089 445 1162 dulcedine
462 1097 660 1168 continebat.

182 1221 237 1267 12.
253 1196 398 1269 Multtun
413 1223 433 1268 a
447 1202 555 1295 prisca
566 1207 768 1277 continentia
782 1214 887 1307 spatio
899 1237 1061 1293 annorum
1073 1245 1185 1322 poste-

122 1305 192 1372 rior
203 1302 303 1374 Cato²
317 1304 470 1396 discedit,
482 1323 598 1404 utpote
615 1313 650 1379 in
664 1314 796 1385 civitate
807 1319 876 1411 jam
897 1323 998 1395 divite
1011 1345 1044 1400 et
1058 1331 1184 1410 lautitia

123 1410 285 1503 gaudente
301 1425 397 1482 natus
407 1439 413 1481 :
425 1415 451 1483 is
465 1429 577 1484 tamen
591 1441 695 1511 quum
711 1421 804 1492 bellis
817 1418 1184 1536 civilibus³interesset,

120 1513 224 1585 filium
236 1543 347 1587 secum
357 1520 506 1606 trahens,
518 1521 691 1592 duodecim
700 1549 812 1598 servos
823 1532 953 1623 habuit3
963 1561 1103 1612 numero
1114 1549 1184 1640 plu-

121 1647 188 1712 res,
198 1649 297 1718 quam
309 1627 459 1719 superior
464 1639 478 1714 3·
484 1641 671 1721 temporum
682 1630 818 1703 diversis
828 1640 990 1730 moribus,
999 1652 1182 1740 pauciores.

179 1728 235 1799 13.
260 1729 412 1798 Exsultat
429 1732 558 1801 animus
580 1737 798 1808 maximorum
822 1746 970 1816 virorum
988 1761 1183 1832 memoriam

118 1857 326 1928 percurrens.
349 1837 458 1930 Scipio
478 1829 689 1911 AEmilianus⁴
708 1860 784 1938 post
800 1847 884 1954 duos
901 1853 1041 1950 inclytos
1062 1887 1182 1937 consu·

118 1937 219 2026 latus,
234 1939 436 2034 totidemque
450 1967 516 2012 suae
528 1949 700 2042 praecipuae
712 1950 823 2044 gloriae
836 1957 1040 2054 triumphos,
1053 1987 1194 2065 septem

119 2046 223 2114 servis
241 2047 450 2140 sequentibus
464 2049 576 2119 officio
592 2051 762 2148 legationis
781 2057 914 2132 functus
932 2073 997 2156 est3
1013 2085 1062 2158 et,
1080 2095 1180 2170 puto,
1227 2103 1231 2114 ’

118 2151 330 2246 Carthaginis
348 2177 387 2220 ac
400 2156 586 2226 Numantiae
605 2159 715 2254 spoliis
730 2188 923 2261 comparare
937 2171 1048 2268 plures
1062 2197 1179 2276 potue-

116 2270 185 2342 rat,
212 2259 272 2326 nisi
295 2283 432 2352 operum
459 2284 596 2332 suorum
620 2266 663 2334 ad
689 2293 724 2338 se
745 2268 896 2362 laudem,
923 2275 1111 2358 manubias⁵
1135 2293 1179 2363 ad

115 2363 258 2456 patriam
276 2364 461 2435 redundare
480 2367 668 2441 maluisset:
683 2376 793 2470 itaque
813 2405 914 2473 quum
937 2409 998 2480 per
1015 2396 1121 2466 socios
1143 2413 1178 2470 et

116 2483 244 2538 exteras
264 2485 377 2564 gentes
390 2473 452 2540 iter
470 2473 609 2566 faceret,
625 2504 693 2549 non
710 2487 871 2582 mancipia
891 2490 975 2584 ejus,
994 2497 1050 2568 sed
1071 2504 1174 2575 victo-

115 2664 218 2734 qutnque
235 2661 336 2716 tribuit.
349 2695 389 2709 --
400 2665 537 2739 Eodemque
552 2672 619 2724 viro.
664 2672 711 2746 pio
726 2677 811 2747 placet
820 2699 829 2748 ;
842 2693 874 2735 nt
888 2697 980 2740 auctor
997 2689 1105 2763 innuat,
1122 2699 1173 2753 Ca·

115 2739 621 2812 rmnt.1v,3,1,ait:M.caeommvnw
664 2765 754 2808 touem
767 2759 1045 2824 Uticensem-,invitum
1057 2775 1171 2845 priscam

115 2820 209 2882 eodem,
218 2841 265 2894 qno
273 2828 386 2895 remiges,
401 2837 534 2879 rumentum
543 2829 621 2896 fisisse
663 2835 852 2894 continentiam
867 2844 1012 2916 reliquisse.

115 2901 233 2963 traditur,¹
246 2903 342 2956 omisso
353 2905 434 2958 verbo
446 2910 496 2973 uei,
510 2907 584 2980 quod
594 2921 622 2964 et
703 2915 731 2968 3.
746 2917 822 2971 Beue
832 2923 946 2977 civilibus.
961 2928 1091 2985 Cesaram
1099 2935 1170 2990 inter

114 2979 142 3032 in
154 2980 277 3051 pluribus
290 2982 367 3038 codd.
382 2986 521 3056 ap.Valer.
537 2987 619 3043 deest.
662 2993 1049 3068 erumpens-Duodecim
1059 3012 1170 3087 Quinque

113 3058 226 3114 Pauculi
239 3079 290 3131 pro
304 3063 429 3136 eodemque
447 3070 506 3118 orno
521 3067 621 3123 habeut
661 3071 701 3126 illi
714 3073 842 3133 addicunt
857 3081 901 3134 alii
914 3084 1062 3157 scriptores.

112 3139 239 3211 eodeenqtse
249 3153 366 3210 pota.—
379 3145 533 3202 Maenalus.
549 3149 617 3203 Alii:
703 3160 729 3216 4.
739 3155 821 3228 Scipio
827 3160 1042 3221 AEmtttamaan.
1051 3171 1084 3224 U.
1095 3175 1167 3240 6¹33

112 3217 249 3280 miratum
263 3232 406 3292 utrumque
420 3225 558 3280 commode
573 3247 618 3282 ex·
660 3233 757 3288 Justin.
773 3237 938 3308 XXXVIII,
952 3246 986 3312 83
1002 3248 1169 3308 Aurelvict.

111 3297 209 3368 plicari
221 3311 316 3370 potest.
327 3300 475 3372 Spontanea
488 3293 559 3359 eninr
569 3327 618 3380 pe·
659 3313 771 3381 Lvtn;
787 3319 883 3373 Athen.
896 3323 945 3378 VI.
972 3327 1168 3400 AEmilianum,

111 3379 191 3430 nuria
205 3381 306 3431 miseric
319 3381 433 3452 speciem
443 3385 551 3453 praehet.
660 3392 804 3450 Frontinus
827 3414 935 3469 narrat,
951 3404 979 3457 in
995 3407 1090 3461 itinere
1105 3429 1168 3466 curn

162 3475 188 3509 1.
219 3458 379 3526 Frugalitatis
402 3464 552 3518 consuetudo.
575 3466 619 3522 Sic
660 3473 749 3528 amicis
759 3479 950 3548 ambulantem,
963 3501 1070 3557 accepto
1081 3508 1167 3560 pane,

112 3535 181 3589 Cato
201 3535 272 3607 ipse:
298 3539 394 3610 eEgo,
413 3540 516 3613 inquit,
533 3547 619 3614 jama
659 3553 729 3605 vesci
750 3556 867 3612 solitum.
889 3560 965 3615 Idem
986 3565 1167 3625 Alexandrum

111 3615 247 3687 principio
265 3615 294 3669 in
309 3619 472 3688 parcimonia
494 3635 572 3696 atque
589 3627 618 3679 in
659 3630 1166 3707 mecednnsadumtecissememomnt.

112 3691 322 3749 duritiaonanem
328 3697 618 3758 adolescentiammeam
702 3711 729 3764 5.
743 3713 881 3770 Manubiae.
896 3719 1045 3792 Manubiae,
1055 3717 1167 3799 pecunia

113 3774 243 3842 abstinui,
258 3795 320 3848 agro
331 3777 460 3846 colendo,
472 3783 539 3837 saxis
549 3785 618 3840 sahi-
660 3807 692 3842 ex
704 3791 857 3848 venditione
870 3798 965 3868 praedae
979 3819 1097 3876 accepta;
1110 3829 1167 3880 spo-

112 3853 153 3906 nis
174 3855 291 3908 silicibus
318 3859 509 3930 repastinandis
539 3877 618 3935 atque
660 3869 712 3930 lia,
735 3889 793 3940 quae
812 3876 954 3946 capiuntur
972 3883 1006 3934 ab
1027 3885 1167 3957 hostibus,

112 3933 289 3990 conserendis.
303 3961 315 3983 ι
659 3949 792 4020 praecipue
811 3972 898 4020 arma;
918 3961 1020 4028 prada,
1042 3983 1167 4036 quacun.

154 4032 180 4066 a.
200 4016 324 4068 Posterior
345 4015 416 4070 Cato.
432 4021 482 4074 An.
501 4022 536 4074 U.
551 4030 617 4092 7⁰4·
660 4045 712 4098 que
722 4047 930 4101 corporarerum
939 4057 998 4110 qnae
1006 4045 1165 4118 capiuntur,

113 4091 177 4145 vid.
191 4093 260 4149 Plut.
272 4097 301 4148 in
312 4097 375 4152 vita.
388 4131 429 4140 -
437 4101 554 4155 Discedit.
565 4103 618 4158 Co·
660 4109 773 4180 exempli
784 4129 875 4180 musa,
884 4117 1018 4188 jumenta,
1026 4143 1102 4195 vasa,
1113 4129 1165 4185 in·

112 4166 183 4225 dices
191 4173 301 4246 aliquot,
313 4177 447 4246 deseendit,
460 4179 533 4252 quod
547 4183 618 4256 Kap-
659 4185 824 4260 pcdimtuta,
837 4207 887 4251 stc.

167 4283 197 4349 I.
938 4331 983 4401 ¹9
