3184 5132
410 491 480 565 160
587 482 820 550 VALERII'
846 479 1053 550 ΜΑΧῙΜΙ
1086 480 1181 548 LIB.
1217 481 1269 548 11.

403 616 570 694 lentissimi
582 637 752 709 successus
768 612 914 698 filerunt,
925 637 1026 707 quum
1039 625 1264 681 consummata
1278 625 1377 705 atquo
1387 639 1459 682 con-

404 721 531 802 stricta¹
554 720 702 814 potentia
723 743 781 788 sua
812 719 1017 814 triumphum
1041 719 1193 804 duceret,
1211 733 1248 785 ut
1270 719 1406 788 Groeciae
1428 735 1461 788 et

403 834 486 904 asia
511 825 632 898 multas
650 824 768 912 urbes,
784 827 829 894 ita
844 827 966 894 civium
989 849 1200 894 romanorum
1215 821 1343 892 nullum
1363 827 1460 922 oppi-

402 939 481 1010 dum
500 935 597 1002 vexit.

455 1042 549 1134 Piget
569 1037 732 1132 taedetque
752 1063 811 1133 per
827 1036 965 1108 vulnera
983 1036 1170 1133 reipubliroe
1191 1035 1327 1106 ulterius
1347 1061 1460 1131 proce·

403 1148 482 1218 dere
493 1143 512 1214 ².
525 1147 688 1214 Lauream
704 1169 765 1214 nec
784 1159 915 1213 senatus
929 1145 1083 1238 cuiquam
1098 1143 1207 1232 dedit,
1217 1169 1279 1213 nec
1291 1145 1460 1237 quisquam

404 1234 559 1326 aibi'dari
581 1250 792 1336 desideravit,
812 1252 954 1319 civitatis
971 1265 1065 1346 parte
1084 1248 1285 1320 lacrimante.
1298 1253 1460 1319 Caetemm

403 1359 445 1428 nd
460 1341 636 1452 quercum³
651 1382 763 1452 pronae
778 1382 894 1426 manus
911 1358 1142 1452 porriguntur,
1156 1357 1213 1426 ubi
1230 1357 1274 1426 ob
1292 1359 1381 1426 cives
1396 1380 1460 1424 ser·

404 1479 499 1534 vatos
512 1487 635 1534 corona
650 1461 757 1532 danda
772 1478 840 1550 est;
853 1489 919 1557 qua
938 1477 1047 1558 postes
1065 1467 1221 1558 Augustae
1239 1463 1359 1532 domus
1376 1487 1461 1532 sem-

404 1571 533 1668 pitcrna
553 1567 656 1664 gloria
677 1569 891 1664 triumphant.

750 1760 994 1850 CAPUT.
1025 1763 1117 1848 IX.

709 1947 764 2016 De
785 1955 941 2017 censoria
961 1937 1169 2018 severitatet

411 2139 429 2168 ι.
442 2123 473 2168 n.
487 2121 577 2170 Camilli
595 2131 618 2168 et
630 2123 665 2168 tt.
680 2121 828 2168 Postumilla
841 2121 981 2167 celibum·
992 2135 1014 2166 a.
1029 2122 1062 2166 Μ.
1073 2121 1159 2166 Valerii
1171 2121 1234 2166 Mu.
1248 2130 1272 2166 et
1285 2121 1310 2167 C.
1324 2121 1387 2166 lonii
1401 2121 1461 2166 Bruti

437 2203 460 2248 in
473 2203 499 2246 1..
514 2200 646 2246 Antonium.
657 2225 688 2235 -
701 2199 722 2244 3.
734 2201 767 2244 Μ.
779 2200 874 2245 Catonia
886 2200 909 2244 in
921 2201 946 2246 L.
961 2199 1121 2246 flamininum.
1130 2225 1161 2236 -
1172 2207 1192 2254 t.
1205 2201 1233 2246 C.
1246 2201 1344 2246 Fabricii
1352 2201 1376 2245 in
1388 2203 1413 2246 P.
1423 2201 1466 2246 nu-

438 2281 517 2326 finom.
537 2304 568 2314 -
587 2279 609 2326 ⁵.
629 2279 662 2324 ll.
678 2279 773 2323 Antonii
789 2287 813 2322 et
829 2279 854 2326 1..
872 2279 947 2324 Flacci
964 2279 988 2326 in
1003 2282 1037 2326 Μ.
1053 2280 1190 2328 Duronium.
1203 2305 1234 2314 -
1249 2279 1272 2326 6.
1290 2281 1316 2326 C.
1332 2280 1430 2326 Neronis
1444 2289 1466 2324 et

439 2361 471 2405 Μ.
492 2357 625 2404 Salinatoris
642 2357 666 2402 io
685 2371 709 2401 se
727 2365 815 2429 mutuo<
831 2366 854 2400 et
871 2357 985 2420 populum
1010 2373 1138 2408 romanum.
1164 2385 1195 2395 -
1218 2375 1240 2419 7.
1256 2359 1290 2406 Μ.
1309 2359 1422 2406 Messalla
1444 2369 1467 2404 et

441 2440 466 2488 Ρ.
477 2435 607 2497 Sempronii
624 2435 648 2480 in
661 2434 841 2496 quadringentos
852 2436 949 2496 equites.
961 2461 993 2472 —
1004 2437 1025 2484 8.
1037 2439 1070 2484 Μ.
1083 2438 1166 2500 Reguli
1181 2448 1204 2484 et
1220 2441 1244 2484 P.
1257 2438 1318 2484 Phili
1330 2439 1355 2484 in
1361 2438 1466 2498 reliquias

439 2521 579 2564 Cannenses.
595 2540 625 2548 —
640 2531 663 2578 9.
678 2515 725 2572 Qui
738 2516 811 2562 noun
821 2514 850 2560 ed
861 2530 981 2564 censorem
992 2527 1072 2578 postes
1084 2527 1245 2578 pervenerunt.

464 2665 648 2742 Castrensis
666 2663 844 2758 disciplinae
870 2669 1111 2738 tenacissimum
1131 2668 1299 2740 vinculum
1323 2669 1468 2740 militaris

457 2877 483 2912 r.
499 2857 580 2928 Atque
594 2858 730 2908 constricta.
750 2855 813 2908 Heu
825 2856 920 2920 rerba,
1006 2858 1031 2910 3.
1048 2857 1175 2927 Quercum.
1182 2859 1289 2924 Quernas
1304 2877 1401 2912 corona
1414 2858 1468 2912 deri

414 2935 513 3009 al'igh.
523 2935 789 3008 expuncta,'1'orren.
799 2947 869 2988 recte
879 2953 920 2986 re·
964 2937 1076 3002 solebat,
1093 2939 1115 2989 si
1133 2939 1227 2990 servati
1242 2939 1312 2992 cives
1326 2951 1411 2992 essent
1424 2957 1430 2991 :
1444 2953 1469 2989 et

415 3019 511 3091 posuit.
525 3017 570 3070 Nil
581 3013 653 3070 uliud
665 3015 714 3067 sibi
724 3016 830 3081 volunt,
842 3031 921 3085 quam
964 3016 1020 3069 hnc
1030 3035 1128 3070 corone
1141 3035 1207 3088 serpe
1219 3019 1297 3070 fiebat
1309 3037 1340 3070 ex
1351 3021 1429 3072 ramis
1437 3017 1469 3070 de

415 3097 582 3156 corroborato,
596 3095 714 3150 stabilita.
727 3113 780 3167 quo
791 3093 923 3162 nonsrrcr'le
964 3115 1150 3167 quorumque
1163 3095 1375 3150 antendeslulii
1389 3100 1469 3151 Casa·
1578 3079 1579 3116 l

414 3177 511 3232 dissolvi
525 3187 615 3246 potest,
642 3187 685 3238 ut,
709 3175 776 3227 bene
798 3185 923 3226 monente
965 3177 1082 3238 riserat,
1096 3175 1234 3248 decerptis.

416 3256 543 3328 Keppio,
563 3272 654 3307 seusus
668 3254 724 3306 sit:
744 3255 834 3318 Quum
852 3253 924 3305 Sulla
1007 3259 1033 3317 4.
1049 3255 1088 3306 De
1105 3261 1210 3307 censoria
1227 3259 1358 3308 severitate.
1374 3259 1409 3309 Et
1422 3257 1469 3308 hoc

415 3336 561 3409 potentium
575 3351 648 3386 suem
663 3331 696 3386 ad
709 3352 841 3386 summum
854 3333 925 3385 lasti·
966 3335 1016 3386 tuit
1038 3336 1171 3405 egregium
1196 3337 1361 3400 institutum,
1382 3335 1470 3408 populi

415 3419 489 3490 pium
513 3411 678 3487 perduxisset
701 3409 883 3474 (consummata
896 3409 923 3476 ),
967 3433 1065 3478 mores,
1079 3415 1155 3468 facile
1167 3414 1372 3488 degenerantes,
1386 3433 1469 3469 serere

416 3515 527 3567 nmque
542 3495 577 3547 its
592 3493 802 3557 corroborasset,
824 3505 854 3544 ut
869 3509 924 3544 non
967 3495 1141 3560 auctoritate,
1167 3496 1357 3568 Spartanorum
1389 3513 1472 3548 exem·

417 3575 494 3629 facile
502 3575 569 3626 solvi
579 3569 762 3644 posset(atque
771 3568 922 3634 somniem).
966 3573 1032 3644 plo,
1050 3574 1188 3627 coercendi
1206 3593 1213 3628 ε
1231 3576 1307 3628 aliter
1321 3575 1408 3642 enirn,
1422 3573 1471 3626 nisi

417 3684 458 3698 ··-
472 3653 555 3706 Urbes.
575 3653 627 3706 Pro
643 3653 750 3704 urbium
765 3651 925 3716 simulacris,
967 3654 1075 3706 servatis
1083 3655 1174 3725 probis
1183 3657 1313 3718 moribus,
1323 3653 1472 3706 florereres·

418 3751 478 3804 φη·
486 3731 686 3786 erantvehenda
695 3731 927 3803 inpompetrium·
967 3733 1073 3803 publica
1085 3735 1176 3804 nequir
1187 3755 1195 3800 ς
1208 3747 1296 3787 ettam
1306 3733 1354 3786 diu
1363 3733 1472 3788 Romani

419 3813 707 3884 pheli.-1m...ve2u.
720 3811 925 3881 Significant,se
967 3831 1073 3883 quoque
1092 3814 1213 3866 libertate
1233 3833 1278 3867 sua
1300 3827 1362 3866 sunt
1381 3813 1471 3885 gavisi,

420 3889 520 3948 nonde
532 3891 646 3955 civibus,
659 3889 927 3944 licetessetcrudelis·
968 3911 1047 3963 quaro
1061 3893 1116 3946 brec
1127 3895 1267 3946 auctoritas
1279 3905 1398 3945 maneret
1411 3893 1473 3944 inte·

420 3971 516 4037 simus,
527 3968 572 4022 sed
583 3967 616 4022 dc
628 3971 741 4024 externis
752 3971 925 4042 triumphare.
967 3985 1083 4034 mesola,
1096 3975 1142 4044 qui
1156 3975 1232 4026 simul
1251 3993 1281 4026 uc
1294 3976 1322 4026 in
1335 3971 1472 4026 dissolutos

462 4070 488 4104 a.
507 4049 613 4102 Ulterius
625 4051 759 4120 procedere.
773 4049 849 4105 MSS.
865 4067 927 4121 qne·
968 4052 1055 4104 obiere
1069 4071 1155 4106 mores
1173 4066 1199 4105 et
1214 4054 1471 4110 rememoremur,

419 4143 495 4195 trior,
507 4129 604 4180 ulterius
613 4148 721 4198 pergere.
968 4131 1147 4202 potentiorum
1152 4131 1471 4206 tyrannidisuntsubjecti-
