3190 5122
409 513 483 588 322
596 511 823 582 VALERII
851 510 1060 580 MAXIMI
1089 511 1186 580 LIB.
1214 513 1278 582 IV.

410 645 558 745 periorrlo
581 645 713 732 mortis,
734 645 791 739 qui
808 643 909 714 modo
930 645 1077 714 cervices
1097 642 1208 738 gladio
1230 644 1395 739 subjectas
1418 645 1478 716 ha-

409 755 527 824 buerat
546 780 555 838 ;
572 751 680 822 eidem
702 765 803 846 caput
820 775 917 820 suum
938 749 1139 870 subjecerat,
1156 752 1210 820 cui
1228 775 1346 821 securo
1364 754 1479 823 vivere

411 861 549 932 licebat·
565 860 665 954 igitur
684 883 815 944 omnes,
828 872 861 926 et
874 859 909 926 in
925 859 1039 952 primis
1055 859 1251 952 Dionysius,
1266 883 1363 928 novae
1376 873 1478 954 atque

411 969 563 1062 ancipitis
575 967 623 1035 rei
633 965 758 1034 exitum
773 962 1037 1060 speculabantur.
1049 965 1347 1083 Appropinquante
1356 963 1477 1036 deinde

411 1071 563 1144 delinita¹
593 1071 666 1158 die,
692 1097 753 1142 nec
780 1069 836 1140 illo
867 1070 1049 1158 redeunte,
1078 1072 1303 1190 unusquisque
1331 1070 1477 1144 stultitiae

410 1197 478 1251 tam
510 1179 722 1250 temerarium
752 1203 947 1272 sponsorem
979 1176 1180 1264 damnabat3
1206 1191 1242 1248 at
1271 1179 1299 1248 is
1325 1178 1415 1248 aaa
1439 1205 1477 1249 se

409 1287 454 1358 de
471 1291 576 1356 araret
593 1290 793 1356 coartanda
814 1300 961 1354 aretum
982 1231 1205 1379 proedicabal:
1229 1283 1348 1354 eodem
1364 1299 1474 1356 antem

409 1407 599 1481 momento,
619 1406 655 1462 et
676 1391 760 1462 hora
778 1415 798 1458 a
817 1392 977 1486 Dionysio
997 1391 1193 1478 constituto,
1211 1392 1270 1484 qui
1287 1415 1362 1460 eam
1381 1417 1475 1462 aece-

410 1515 523 1596 perat,
537 1501 737 1595 supervenit.
752 1497 942 1566 Admiratus
951 1497 1127 1566 amborum
1140 1499 1287 1568 anianum
1299 1513 1475 1593 tyrannus,

410 1605 608 1726 supplicium
627 1605 703 1674 fidei
723 1605 864 1674 remisit·
856 1606 1085 1723 ,insuperque
1105 1628 1162 1674 eos
1183 1605 1331 1698 rogavit,
1353 1635 1370 1668 α
1386 1619 1424 1672 nt
1441 1631 1475 1674 se

409 1715 444 1782 in
465 1714 655 1782 societatem
674 1711 842 1797 amicitiae,
858 1711 992 1780 tertium
1018 1707 1157 1780 sodalitii
1180 1710 1322 1842 gradum
1340 1709 1473 1780 ultima²

410 1817 579 1890 culturum
597 1815 827 1885 benevolentia
846 1817 1073 1910 reciperent»
1095 1819 1155 1884 He
1173 1803 1271 1886 sane³
1295 1819 1378 1884 vires
1394 1819 1474 1884 ami·

410 1927 516 2012 eitiae,
536 1923 653 1992 mortis
675 1935 904 2016 contemptum
933 1923 1145 2016 ingenerare,
1169 1923 1244 1991 vitae
1267 1922 1473 1992 dulcedinem

409 2033 637 2126 exstinguere,
658 2025 885 2099 crudelitatem
912 2027 1176 2116 mansuefacere,
1195 2027 1337 2098 odium
1328 2055 1363 2098 rn
1384 2053 1474 2098 amo·

408 2163 481 2208 rem
505 2149 720 2222 convertere,
744 2157 875 2230 poenam
899 2133 1061 2204 beneficio
1086 2121 1242 2229 pensare⁴
1266 2149 1475 2230 potuerunt;

408 2244 529 2340 quibus
553 2265 647 2338 paene
668 2255 798 2310 tantum
817 2241 1057 2326 venerationis,
1071 2255 1234 2358 quantum
1255 2241 1426 2312 deorum
1416 2267 1473 2310 rm·

409 2349 600 2420 mortalium
623 2349 817 2418 cerimoniis
833 2346 995 2415 debetur:
1016 2345 1077 2416 illis
1098 2348 1186 2416 enirn
1209 2347 1343 2442 publica
1369 2347 1474 2434 salus,

408 2457 460 2526 his
478 2457 628 2584 privata
633 2454 848 2523 continetur.
871 2467 970 2546 atque
989 2467 1027 2522 ut
1047 2451 1177 2522 illarum
1195 2453 1281 2524 aedes
1302 2477 1396 2524 sacra
1418 2453 1474 2522 do-

410 2560 547 2646 micilia,
560 2561 606 2628 ita
617 2545 764 2628 ⁵harum
783 2557 849 2626 lida
871 2558 1043 2628 hominum
1061 2573 1198 2654 pectora
1219 2584 1313 2654 quasi
1305 2559 1474 2654 quodam

410 2681 525 2738 sancto
542 2667 660 2760 spiritu
681 2663 802 2734 referta
821 2663 944 2759 templa
967 2679 1053 2734 sunt.

465 2827 498 2870 a.
516 2797 616 2890 Quod
634 2801 681 2868 ita
701 2819 790 2886 esse,
811 2821 868 2867 rex
886 2797 1073 2868 Alexander
1088 2783 1218 2868 sensit⁶:
1233 2799 1326 2867 Darii
1344 2803 1474 2886 eastris,

409 2909 444 2976 in
465 2907 583 3002 quibus
608 2929 724 2976 omnes
747 2907 920 2974 necessarii
941 2905 1011 2998 ejus
1034 2919 1146 2992 erant,
1165 2905 1306 2999 potitus,
1328 2907 1474 3000 Hepha-

408 3013 534 3084 stione⁷
553 3013 741 3110 gratissimo
763 3011 825 3080 sibi
845 3010 929 3082 latus
952 3035 1049 3080 suum
1073 3023 1222 3106 tegente,
1244 3011 1286 3080 ad
1308 3035 1366 3081 eos
1390 3012 1475 3082 allo-

456 3233 480 3267 ι.
490 3211 607 3282 Defim'rc.
618 3211 760 3282 Aliifiar'ra.
772 3211 922 3282 Utrumque
964 3229 994 3260 ne
1008 3221 1113 3274 matum,
1130 3221 1195 3275 ete,
1208 3229 1286 3282 quam
1298 3211 1320 3264 ei
1331 3231 1382 3285 pes
1394 3215 1474 3268 ium.

412 3294 536 3366 probum.
546 3291 697 3362 Aetsyllaba
705 3291 924 3362 depropterpre·
964 3289 1128 3359 rogationem
1142 3291 1268 3362 loquutus
1282 3291 1383 3347 hinet.

411 3373 508 3428 cedens
515 3371 600 3425 deinde
610 3371 686 3424 lecile
695 3368 815 3423 excidere
824 3369 920 3440 potuit
1005 3369 1129 3434 Mdortis
1136 3407 1182 3424 .....
1186 3383 1323 3442 paraenet.
1333 3373 1475 3444 Dionysias

455 3473 480 3506 a.
498 3453 596 3505 Ultima.
610 3451 719 3522 Pighius
729 3468 760 3502 ex
772 3451 922 3520 conjectura
964 3448 1124 3520 supplicium
1137 3451 1239 3504 remisit
1251 3449 1315 3504 fidei
1328 3453 1474 3506 amiemm

411 3529 486 3584 dedit
497 3529 741 3584 intimeTorrenins
749 3529 920 3586 mavultuaa,
965 3526 1031 3580 adeo
1046 3529 1180 3596 mirifice,
1195 3543 1223 3582 et
1241 3549 1319 3584 orare
1333 3533 1431 3604 cepit,
1446 3545 1475 3584 at

412 3623 439 3664 et
446 3611 571 3682 exponit:
584 3629 657 3682 eque
670 3627 765 3678 magno
777 3606 880 3672 studio,
892 3627 922 3660 ec
964 3625 992 3659 se
1003 3609 1111 3661 tertium
1123 3609 1151 3662 in
1165 3629 1258 3662 eorum
1272 3611 1414 3666 amiciam
1428 3609 1474 3664 ad·

410 3689 664 3762 ipsi,benevolentia
673 3689 744 3742 nulla
755 3689 783 3740 in
791 3685 923 3740 redisore-
964 3687 1108 3742 mitterent.

412 3782 500 3843 pente.
514 3768 566 3822 Sed
581 3771 649 3825 bene
666 3769 765 3823 dicitur
777 3768 873 3828 utimr,
892 3765 921 3820 id
1006 3766 1032 3820 5.
1051 3767 1100 3821 lea.
1116 3767 1148 3820 ln
1165 3767 1240 3822 MSS.
1255 3783 1318 3824 octo
1334 3770 1415 3825 deest.
1435 3803 1475 3814 ..-

410 3864 450 3904 est
463 3869 573 3904 summa.
966 3847 1086 3917 Quodam.
1100 3847 1153 3900 Alii
1167 3849 1387 3921 quedamdlinur
1397 3851 1474 3904 bene.

454 3932 480 3985 3.
496 3931 546 3982 Hoe
559 3949 623 3982 sene.
642 3928 716 3982 MSS.
732 3929 842 3992 lasciue,
857 3927 920 3979 item
1005 3931 1032 3981 6.
1057 3928 1198 3980 Alexander
1216 3932 1297 3983 remit.
1308 3929 1378 3984 Vide
1397 3933 1475 3984 Curt.

412 4011 523 4063 heccine.
545 4009 620 4062 Nihil
638 4007 806 4066 mutandum.
826 4007 922 4060 Melius
963 4007 1021 4072 ΠΙ,
1037 4025 1085 4072 ¹²3
1098 4005 1209 4064 Diodor.
1219 4009 1300 4062 Sicul.
1312 4011 1410 4080 XVII,
1420 4011 1475 4080 37;

411 4090 482 4142 enim
491 4089 555 4142 hnic
563 4089 733 4142 affirmationi
741 4085 848 4140 videtur
856 4105 921 4140 con·
963 4087 1060 4140 AElian.
1075 4087 1147 4153 ΧΠ,
1164 4107 1190 4158 7.

411 4167 500 4221 venire
513 4187 622 4238 sequena
630 4166 768 4240 periodus:
779 4167 862 4239 quibus
869 4186 920 4236 μιτ-
1005 4185 1031 4237 7.
1043 4167 1221 4238 Heplroestrone.
1234 4167 1388 4242 Heplratio
1400 4189 1416 4225 ι
1427 4187 1476 4224 no·
