3190 5122
410 451 516 520 cnr.
545 449 605 536 11,
636 451 706 518 ne
735 439 938 520 enims.
1132 453 1208 552 349

140 585 363 654 aestimationis
384 584 455 678 ipsa
480 584 728 677 comparatione
753 583 944 670 accederet;
971 583 1028 656 sed
1053 590 1209 679 quoniam

139 693 307 761 contrario
323 691 496 786 proposito
510 714 580 758 sese
599 689 834 773 distinxerunt,
853 705 967 758 nostro
984 715 1114 786 quoque
1134 695 1208 766 stilo

139 813 356 894 separentur,
383 799 595 893 prioremque
615 795 727 865 locum
751 796 941 886 obtineant,
966 821 1039 890 quae
1059 797 1208 892 laudem,

138 931 239 1000 quam
254 931 327 999 quse
340 904 631 999 reprehensionem
646 917 816 972 merentur
824 901 843 972 ¹.

198 1063 227 1106 1.
247 1039 355 1132 Atque
375 1052 450 1106 uta
468 1036 609 1132 publicis
630 1038 711 1105 actis
732 1036 860 1122 ordiar,
890 1037 1070 1125 Marcium,
1093 1044 1207 1134 patriae

136 1147 307 1214 interitum
323 1159 500 1214 conantem
511 1141 533 1231 ²,
548 1143 748 1237 admotoque
761 1144 864 1237 portis
878 1143 979 1210 Urbis
995 1145 1118 1238 ingenti
1131 1147 1206 1218 Vol-

138 1277 272 1321 scorum
292 1254 457 1338 exercitu,
477 1249 577 1318 funus
596 1273 634 1319 ac
656 1250 809 1318 tenebras
831 1273 969 1318 romano
987 1251 1127 1345 imperio
1144 1257 1204 1324 mi·

135 1360 315 1445 nitentem,
331 1359 470 1428 Veturia
486 1371 592 1426 mater
606 1369 639 1424 et
651 1355 832 1424 Volumnia
844 1381 929 1426 uxor
942 1357 1105 1426 nefarium
1123 1385 1207 1455 opus

135 1467 271 1560 exsequi
286 1467 441 1560 precibus
456 1466 522 1532 suis
537 1487 640 1557 passae
652 1487 720 1531 non
737 1477 828 1546 sunt;
843 1464 877 1532 in
892 1488 1031 1556 quarum
1043 1465 1205 1536 honorem

135 1586 271 1641 senatus
293 1585 521 1640 matronarum
540 1554 708 1640 ordinem³
731 1569 970 1664 benignissimis
991 1570 1131 1641 decretis
1149 1574 1205 1641 ad-

135 1681 286 1766 ornavit3
306 1681 413 1747 sanxit
428 1701 586 1772 namque,
605 1677 794 1768 utsema'nis
812 1683 933 1746 semita
949 1683 1016 1747 viri
1029 1679 1203 1766 cederent,·

134 1785 324 1870 confessus,
332 1785 417 1880 plau
429 1777 552 1853 salutis
564 1783 758 1880 rerpublicae
771 1789 806 1852 r'n
816 1785 924 1870 stola,
937 1809 1040 1878 quam
1054 1790 1090 1854 z'n
1101 1792 1207 1856 armr's

118 1892 273 1982 fiu'sse:
297 1893 499 1986 vetustisque
521 1891 648 1960 aurium
667 1879 866 1985 insignibus⁴
886 1915 1011 1959 novum
1031 1893 1121 1961 vittae
1146 1892 1207 1963 dis-

135 1999 265 2067 crimen
288 1999 426 2092 adjecit,
450 2000 601 2094 permisit
622 2022 754 2093 quoque
780 1997 849 2084 bis,
874 2022 1041 2092 purpurea
1062 2013 1153 2068 veste
1172 2015 1206 2069 et

135 2207 233 2261 ordine
246 2207 319 2260 dedit
334 2227 340 2261 :
356 2211 446 2260 virtuti
456 2229 485 2259 ac
500 2209 648 2280 oium-quia
697 2209 767 2258 triam
778 2223 916 2277 oppugnare
925 2219 1048 2259 conantem
1061 2209 1137 2261 estin
1146 2211 1202 2262 solo

133 2300 230 2342 auctor
238 2289 312 2358 prius
319 2299 418 2358 emtas,
429 2287 524 2342 deinde
537 2293 645 2358 nigratus
695 2285 754 2340 cod.
771 2285 846 2340 taeid„
861 2299 942 2340 sexto.
955 2287 1051 2340 Melior
1066 2301 1155 2342 nostra
1168 2291 1203 2342 le·

134 2368 240 2422 dixerat
259 2369 339 2422 animi
357 2369 568 2439 significationes.
594 2366 647 2431 Sed
694 2367 755 2420 ctio.
781 2368 913 2422 Caeterum
928 2403 936 2432 ,
953 2367 1109 2420 Coriolanus
1129 2369 1201 2442 plebi

133 2468 192 2502 non
214 2449 334 2519 religiose
354 2449 405 2502 boc
427 2446 494 2500 adeo
508 2451 648 2502 observant
692 2447 810 2500 inlensus
822 2459 886 2499 erat.
899 2445 988 2512 Quum
999 2448 1069 2500 enirn
1080 2449 1106 2500 in
1117 2467 1200 2502 anno·

135 2529 279 2596 scriptores
295 2529 407 2600 antiqui.
691 2545 733 2579 nn
753 2527 861 2580 caritate
883 2527 1009 2579 immenti
1034 2529 1111 2599 copia
1132 2543 1199 2582 esset

180 2627 204 2660 ι.
222 2609 353 2662 Mereatur.
365 2608 539 2680 Abjectisane
550 2620 648 2679 etper·
691 2605 816 2670 advecta,
838 2607 882 2658 ille
905 2607 1028 2670 censuit,
1050 2626 1103 2660 non
1124 2609 1198 2680 prius

133 2687 186 2740 diti
206 2688 287 2740 animi
315 2701 370 2754 est,
392 2687 519 2742 beneficia
542 2699 647 2758 accepta
692 2687 762 2740 inter
773 2687 879 2756 plebem
888 2683 1061 2740 dividendum
1076 2707 1130 2740 esse
1145 2689 1199 2740 l'ru·

133 2787 190 2820 non
203 2769 368 2834 meminisse,
382 2787 431 2822 neo
441 2786 548 2839 parem,
558 2769 580 2820 si
589 2786 648 2839 pos-
691 2778 830 2830 mentum,
855 2783 935 2836 qnam
958 2785 1005 2836 per
1026 2767 1197 2823 secessionem

135 2849 234 2907 simus,
249 2849 348 2902 referre
362 2849 492 2920 gratiam
503 2848 580 2900 sicuti
591 2848 646 2900 erii-
691 2859 815 2917 uetarpata
826 2848 886 2916 jura
900 2846 1055 2900 restituisset
1070 2848 1197 2917 patribus.

133 2929 189 2979 mia
211 2941 249 2979 est
269 2929 373 2993 virtus,
394 2941 498 3002 gutum
522 2927 647 2981 omnibus
690 2926 872 2990 Quamobrem
884 2923 924 2980 ire
937 2925 1021 2994 plebis
1034 2926 1062 2978 in
1075 2927 1197 2980 exsilium

132 3007 254 3077 praebere
267 3008 524 3079 animum,qnorum
539 3026 592 3078 ope
606 3026 648 3058 su·
689 3019 763 3060 actus
774 3018 820 3060 est.
830 3006 968 3058 -Funua
980 3004 1047 3060 Cod.
1060 3005 1132 3060 Med.
1146 3026 1197 3065 sec.

133 3087 246 3150 blevati,
263 3084 346 3156 adjuti
362 3089 484 3158 auctique
497 3106 587 3140 sumus
601 3106 646 3140 va-
685 3087 796 3154 sumunrr
812 3085 891 3142 malet

132 3165 183 3218 riis
197 3164 352 3218 commodis.
364 3167 428 3218 Non
438 3179 489 3226 est,
503 3185 561 3236 qum
577 3167 646 3220 hanc
731 3167 757 3220 3.
775 3165 856 3222 Senot.
878 3177 979 3218 metron.
994 3165 1072 3218 ordin.
1086 3166 1196 3222 Veteres

132 3246 260 3298 virtutem
275 3263 331 3298 non
344 3245 471 3308 coluerit,
484 3246 574 3310 natio;
591 3265 646 3298 non
689 3243 803 3298 addunt:
809 3245 960 3314 gratitudine
966 3258 1053 3304 mom.
1064 3264 1094 3298 ex
1101 3247 1194 3314 glossa.

132 3327 249 3400 scriptor
255 3323 289 3377 de
299 3326 430 3388 moribus,
438 3343 492 3376 non
501 3325 646 3394 legislator,
731 3332 757 3388 6.
772 3326 801 3376 V
797 3329 879 3378 etustis
892 3329 985 3378 aurium
997 3325 1137 3393 insumam.
1150 3326 1195 3377 In·

133 3406 184 3476 qui
206 3423 263 3456 eam
282 3424 338 3456 non
359 3402 570 3467 commendarim
591 3423 645 3458 non
689 3424 779 3471 aures,
798 3423 909 3476 quarum
928 3423 990 3458 usus
1009 3405 1195 3474 perantiquus,

132 3484 262 3536 honestus
282 3501 419 3554 unquam,
441 3485 488 3555 qui
510 3503 568 3536 eam
590 3501 644 3538 non
689 3485 910 3540 forsanaGroecis
926 3485 1073 3536 translatus.
1091 3486 1195 3555 Depen-

132 3563 292 3617 exercuerit.
689 3563 786 3616 debant
795 3565 940 3634 margaritae
952 3577 996 3615 aut
1005 3564 1105 3616 annuli.
1115 3565 1194 3618 Plinii

178 3663 204 3695 2.
222 3643 399 3696 Marcium...
414 3655 543 3696 conantem.
564 3644 644 3696 Anno
689 3656 764 3698 estate
784 3663 894 3715 magnus
910 3646 963 3714 jam
984 3643 1118 3700 inaurium
1140 3658 1196 3698 erat

133 3724 203 3776 Urb.
221 3723 286 3776 265.
300 3723 406 3785 Livius,
420 3723 446 3774 ll
457 3760 466 3786 ,
479 3728 533 3786 403
544 3723 645 3776 Plutar·
687 3722 844 3778 luxua.Vid.
856 3726 912 3794 ejus
923 3723 991 3776 Hist.
1004 3734 1057 3776 nat.
1072 3725 1194 3790 1x‚35;

133 3803 214 3867 cheu
231 3803 342 3873 Dionys.
357 3803 438 3866 v111;
459 3803 543 3868 iufra,
557 3803 599 3865 V,
612 3809 642 3866 4,
687 3804 741 3868 XI,
759 3804 804 3872 37.
817 3834 857 3846 --
869 3803 964 3856 Novum
975 3807 1046 3855 eittoe
1060 3804 1192 3858 discrbnen.

138 3901 163 3935 1.
178 3884 268 3936 Lectio
278 3884 394 3954 vulgata,
408 3901 488 3954 quam
498 3883 643 3936 Torrenins
687 3881 761 3938 Illud
771 3881 913 3938 dissaimen
928 3883 1074 3938 constitisse
1087 3883 1194 3938 videtur

135 3964 245 4015 retinuit
256 4001 264 4028 ,
276 3975 334 4016 est:
354 3963 474 4016 Metulum
489 3962 644 4015 Cor-iolcum
687 3963 719 4016 im
728 3981 775 4028 eo,
784 3975 815 4014 ut
828 3965 898 4016 vitto
910 3976 1091 4020 matronarum
1106 3965 1194 4020 colore

133 4047 240 4110 patriam
254 4063 391 4114 oppugnare
406 4041 644 4096 maurenasca·
689 4059 719 4095 ae
734 4055 829 4096 ornatu
849 4062 864 4094 a
880 4043 1013 4114 virginum
1036 4045 1194 4100 nubentium

137 4122 256 4174 riolunum
273 4125 346 4178 abest
360 4144 375 4176 a
390 4123 481 4177 decem
502 4122 576 4178 MSS.
593 4124 645 4176 Pa·
690 4133 717 4176 et
731 4123 878 4178 Vestalium
893 4124 964 4178 vittis
982 4123 1128 4180 differrent.
