3218 5128
301 503 307 516 '
370 492 417 562 ab
571 489 798 560 VALERII
830 487 1037 556 ΜΑΧΙΜΙ
1070 489 1165 556 mu.
1198 487 1224 554 1.

369 635 549 692 nocturnos
564 673 574 708 ,
588 619 723 714 ejusque
738 621 865 690 monitu
877 643 926 707 se,
944 643 1017 713 quan
1033 632 1169 714 accepta
1184 617 1247 686 diis
1259 617 1432 688 immorta-

371 727 455 798 libus
476 750 570 796 sacra
590 725 721 813 forent,
744 725 920 795 instituere.

424 859 455 902 a.
479 829 612 924 Scipio¹
634 831 807 900 Africanus
828 844 990 901 nonanta
1010 830 1052 900 ad
1072 830 1207 930 negotia
1227 827 1359 924 publica
1374 829 1428 898 rel

371 941 499 1033 privata
512 937 598 1022 ibat,
616 961 715 1031 quam
727 938 761 1006 in
775 935 856 1006 cella
873 938 964 1008 Joris
977 935 1154 1032 Capitolini
1167 950 1314 1006 moratus
1330 949 1430 1023 esset,

371 1058 404 1112 ct
424 1043 497 1112 ideo
517 1045 598 1112 Jove
620 1044 747 1138 genitus
766 1043 970 1112 credebatur.

426 1147 458 1218 3.
479 1151 517 1216 L.
539 1147 627 1217 Sulla
636 1146 658 1232 ¹,
677 1151 804 1244 quoties
826 1147 977 1243 praelium
998 1151 1204 1218 committere
1225 1147 1431 1232 destinabat,

373 1277 511 1348 parvum
526 1253 684 1348 Apollinis
702 1257 831 1350 signum
850 1253 989 1349 Delphis
1002 1253 1187 1340 sublatum,
1203 1255 1237 1321 in
1253 1266 1431 1348 conspectu

373 1359 512 1429 militum
534 1359 743 1454 complexus,
766 1361 900 1446 orabat,
921 1361 970 1428 uti
991 1360 1151 1454 promissa
1170 1371 1359 1428 maturaret.

426 1469 459 1552 4.
484 1467 548 1554 Qu.
569 1453 750 1536 Sertorius³
769 1491 829 1560 per
843 1491 977 1560 asperos
994 1467 1173 1534 Lusitaniae
1188 1463 1287 1536 colles
1300 1487 1431 1533 cervam

374 1569 482 1640 albam
500 1571 668 1658 trahebat,
680 1571 722 1640 ab
733 1596 772 1640 ea
784 1596 833 1659 se,
844 1596 995 1665 quonam
1007 1586 1065 1641 aut
1076 1571 1220 1668 agenda,
1231 1585 1290 1642 aut
1298 1569 1430 1641 vitanda

375 1691 503 1764 essent,
518 1677 699 1771 praedicans
720 1677 900 1746 admoneri.

489 1871 541 1924 DE
562 1871 793 1926 RELIGIONE
813 1871 1025 1926 smitam
1044 1871 1093 1926 ΑΒ
1112 1871 1330 1926 Exsulibus.

435 2037 462 2081 1.
486 1999 614 2082 Μίιιοε4
628 2015 835 2082 Cretensium
857 2037 915 2081 rex
930 2037 1019 2082 nono
1035 2037 1166 2106 quoquc
1180 2037 1267 2082 anno
1285 2012 1319 2080 in
1334 2009 1438 2105 quod·

376 2118 453 2186 dam
474 2118 667 2211 praealtum,
689 2132 722 2186 et
742 2132 872 2186 vetusta
893 2116 1049 2211 religione
1071 2131 1299 2187 consecratum
1323 2139 1439 2212 specus

379 2221 530 2290 secedere
547 2221 694 2290 solebat:
710 2237 742 2290 et
760 2225 793 2291 in
811 2247 850 2290 eo
866 2237 1028 2311 moratus,
1042 2237 1210 2318 tamquam
1226 2248 1245 2292 a
1259 2227 1359 2310 Jove,
1372 2247 1439 2316 quo

380 2352 414 2396 sc
431 2341 541 2396 ortum
557 2327 701 2410 ferebat,
716 2327 852 2396 traditas
870 2328 929 2396 sibi
943 2327 1029 2423 leges
1041 2315 1280 2424 praerogabat⁵.

434 2457 467 2501 a.
492 2417 702 2500 Pisistratus⁶
723 2433 757 2498 in
777 2433 1001 2526 recuperanda
1021 2434 1215 2528 tyrannide,
1237 2457 1336 2528 quam
1358 2432 1440 2500 ami·

426 2641 452 2676 1.
467 2621 556 2692 Scipio
572 2623 638 2674 Jove
653 2623 755 2694 genitus
770 2625 819 2676 sub
834 2643 891 2694 spe·
933 2623 1053 2677 Sertorius
1066 2623 1121 2677 sine
1136 2623 1219 2677 dubio
1232 2643 1260 2676 se
1272 2641 1286 2676 a
1298 2624 1382 2677 Diana
1393 2642 1443 2696 per

383 2702 423 2756 cie
433 2700 562 2772 sementis
573 2700 819 2769 credebatur-,sicut
830 2703 890 2754 Ale·
933 2721 1038 2756 cervam
1059 2703 1162 2757 moneri
1181 2702 1274 2756 voluit.
1288 2704 1391 2756 -Αιι,
1404 2704 1440 2756 U.

384 2779 484 2834 xander
497 2780 536 2833 M.
555 2799 582 2834 se
594 2782 731 2834 Ammonis
743 2781 844 2846 lilium,
858 2783 890 2834 sb
935 2783 1002 2852 673.
1018 2783 1087 2836 Plut.
1105 2783 1196 2837 Front.

383 2879 416 2914 eo
431 2861 480 2914 sub
496 2860 623 2932 serpentis
642 2861 728 2932 specie
752 2863 890 2932 genitum,
976 2875 1001 2923 ι.
1015 2861 1105 2915 Μίιιοι.
1119 2861 1284 2918 Cretensium
1297 2879 1358 2926 rex,
1372 2861 1444 2913 Xan·

383 2941 504 3013 jactabat.
518 2941 649 2994 Ceterum
659 2935 770 3012 διιγιιὴς
784 2939 892 2993 denotat
935 2940 975 2993 tbi
988 2942 1098 3007 rectius,
1110 2959 1189 3014 quam
1204 2942 1277 2994 Joris
1289 2953 1315 2994 et
1328 2941 1443 3012 Europe

385 3019 464 3074 etism
487 3019 619 3085 nobilem,
639 3019 768 3091 inclytum
788 3019 892 3090 deoque
935 3019 1025 3084 lilius,
1047 3039 1126 3091 quem
1149 3023 1184 3073 ob
1209 3021 1316 3092 justitie
1336 3017 1444 3073 laudem

386 3111 515 3164 amatum,
529 3117 587 3169 qun
599 3117 651 3151 vox
661 3098 808 3152 honorifice
821 3099 894 3151 lebn-
936 3117 996 3152 οιιιιι
1012 3101 1185 3164 conviatore,
1201 3100 1284 3153 AEnco
1296 3097 1445 3171 Myrmido-

385 3177 418 3230 lis
437 3174 571 3230 interdum
590 3195 679 3230 ansam
698 3179 840 3249 prebuisse
856 3177 895 3232 vi·
936 3197 1000 3230 uum
1021 3196 1083 3249 rege
1103 3181 1211 3250 ejusque
1237 3179 1317 3231 l'ratre
1343 3177 1444 3230 utada·

385 3255 472 3310 detur.
488 3289 521 3298 -
531 3257 580 3308 Αιι.
593 3256 627 3308 U.
645 3256 706 3320 542.
719 3257 778 3310 Lir.
792 3258 896 3324 XXVI,
937 3257 1046 3320 mantio,
1057 3259 1203 3312 inferorum
1217 3255 1334 3330 jndicem
1350 3257 1446 3310 babuit

390 3353 439 3405 ¹93
459 3336 552 3402 Quint.
570 3335 614 3398 11,
636 3341 674 3401 43
693 3339 757 3388 Aur.
771 3337 840 3389 Vict.
860 3334 894 3388 de
937 3337 1097 3408 superstitio.

387 3415 469 3487 Scip.;
486 3415 627 3478 Gettvss,
643 3413 754 3481 13Plut.
768 3415 795 3467 in
804 3414 894 3468 AErnil.
979 3415 1005 3468 5.
1021 3417 1189 3486 Proeropndat.
1211 3418 1250 3470 lta
1269 3415 1351 3469 Aldus
1367 3427 1446 3486 atque

428 3515 453 3548 s.
467 3497 496 3547 L.
509 3494 590 3554 Sulla,
608 3506 658 3547 etc.
672 3493 728 3546 Hac
739 3512 769 3546 re
782 3495 895 3548 rnilitum
938 3493 983 3546 uti
1004 3493 1154 3549 ediderunt.
1173 3498 1208 3549 m
1228 3493 1289 3550 eod.
1313 3493 1447 3548 andeb.

386 3573 469 3626 animi
485 3571 710 3639 accendebantur,
730 3571 793 3626 deos
807 3573 897 3646 propi·
938 3573 1018 3626 balset
1029 3575 1190 3645 prorogatae,
1208 3573 1280 3647 quod
1292 3575 1388 3647 probat
1398 3573 1447 3626 Pe·

388 3654 439 3705 tios
453 3669 508 3706 esse
518 3671 607 3706 secum
620 3651 793 3707 credentium.
802 3656 895 3707 -Διι,
938 3654 1022 3706 rinon.
1036 3655 1189 3726 Prorogatur
1202 3667 1257 3708 est:
1269 3655 1298 3707 in
1310 3654 1446 3726 proximos

387 3733 423 3785 U.
448 3736 514 3801 671.
534 3731 604 3785 Plnt.
620 3732 712 3786 Frout.
724 3732 752 3796 1,
774 3749 824 3796 ιι,
845 3733 896 3798 ι3;
939 3751 1056 3804 quosque
1066 3753 1162 3788 norem
1171 3753 1253 3788 annos
1264 3733 1371 3786 decreto
1384 3749 1448 3786 oon·

388 3810 459 3867 Gell.
477 3811 544 3870 XV,
563 3829 612 3876 ιη
627 3811 703 3866 Οιοι.
721 3811 817 3876 XXII,
831 3811 856 3866 5.
940 3813 1066 3866 tinuabat.
1083 3814 1181 3868 Passim
1197 3814 1225 3866 in
1240 3812 1316 3867 MSS.
1328 3831 1446 3884 perroga-

428 3891 456 3942 3·
480 3889 513 3958 Q
521 3887 898 3953 Sertortus‚eto.DeLusiunta
940 3892 994 3955 bat,
1009 3891 1082 3965 qnod
1096 3913 1151 3946 non
1166 3892 1273 3946 damnet
1286 3892 1448 3946 Turrem-

388 3967 444 4022 vid.
464 3979 559 4039 praeter
571 3981 635 4020 rett.
652 3972 813 4042 geographos
827 3971 897 4025 Plin.
941 3972 1014 4026 Plato
1030 3973 1058 4024 in
1070 3974 1152 4040 Min.;
1168 3971 1310 4026 Marshsmi
1321 3970 1445 4025 Chronic.

388 4048 437 4111 IV,
455 4066 501 4102 ιι.
516 4047 621 4100 Trnlrere
632 4049 723 4102 Curtio
736 4053 814 4104 etism
830 4051 899 4104 aliis·
941 4071 968 4122 p.
984 4071 1053 4123 277,
1069 4065 1095 4104 et
1108 4055 1175 4108 613.

389 4143 439 4197 que
463 4125 554 4196 idem,
581 4125 654 4198 quod
683 4147 769 4184 secum
792 4129 895 4185 ducere.
983 4127 1451 4204 suisomtnmynmidendvenu·
