3218 5128
387 479 497 550 CAP.
532 479 631 564 VII,
666 479 738 548 DE
772 479 1008 550 SOMNIIS.
1180 481 1225 554 61

163 611 309 683 historice
330 624 466 698 auctor,
490 634 676 680 sermonem
701 609 742 678 de
769 634 808 678 ea
833 635 869 678 re
893 609 936 680 ad
955 635 1030 680 suas
1055 634 1151 684 aures
1175 613 1232 684 illo

166 719 276 788 adhuc
292 718 370 786 vivo
387 718 575 813 pervenisse
596 716 717 786 scribit.

220 849 251 920 7.
273 825 389 894 Vincit
406 824 545 918 hujusce
566 824 685 892 somnii
705 821 814 890 dirum
836 821 1046 916 adspectum,
1068 824 1159 918 quod
1176 851 1231 896 se-

163 932 286 1026 quitur.
304 929 405 1025 Apud
423 928 574 1000 Actium¹
596 931 644 998 M.
662 929 798 998 Antonii
816 927 927 998 fractis
947 929 1081 1024 opibus,
1099 932 1232 1002 Cassius

162 1038 367 1124 Parmensis,
384 1038 442 1130 qui
458 1049 569 1131 partes
585 1035 656 1128 ejus
673 1049 830 1129 sequutus
848 1033 971 1122 fuerat,
989 1035 1135 1106 Athenas
1157 1063 1233 1108 con·

164 1141 272 1236 fugit:
289 1143 346 1211 ubi
364 1142 527 1212 concubia
546 1156 644 1211 nocte
653 1139 677 1229 ²,
686 1166 789 1235 quum
810 1140 1082 1212 sollicitudinibus
1097 1157 1131 1212 et
1143 1146 1232 1216 curis

164 1263 276 1318 mente
298 1251 406 1344 sopita
426 1250 461 1317 in
479 1247 600 1318 lectulo
620 1247 763 1342 jaceret,
787 1249 984 1316 existimavit
1005 1246 1046 1316 ad
1065 1273 1100 1318 se
1118 1253 1231 1320 venire

164 1354 333 1424 hominem
355 1356 496 1449 ingentis
517 1355 769 1450 magnitudinis,
787 1351 905 1424 coloris
925 1355 1028 1448 nigri,
1046 1354 1231 1449 squalidum

165 1461 285 1549 barba,
304 1475 338 1532 et
354 1459 473 1556 capillo
491 1461 655 1530 demisso:
676 1462 994 1557 interrogatumque,
1010 1463 1161 1554 quisnam
1180 1488 1230 1533 es·

167 1581 237 1656 set,
249 1568 455 1663 respondisse
469 1560 680 1660 κακοδαίμονα
689 1551 710 1636 ³.
726 1568 924 1636 Perterritus
935 1566 1053 1636 dcinde
1063 1582 1132 1636 tam
1146 1583 1232 1639 tetro

165 1675 253 1761 visu,
271 1689 305 1742 et
322 1675 457 1742 nomine
474 1673 660 1762 horrendo,
682 1698 794 1743 servos
813 1671 1016 1760 inclamavit,
1030 1675 1232 1746 sciscitatus-

166 1805 248 1874 que,
260 1785 293 1847 εἰ
307 1805 405 1874 quem
424 1781 506 1866 talis
521 1781 659 1849 habitus
676 1795 740 1848 aut
755 1784 938 1848 montem
954 1779 1158 1866 cubiculum,
1170 1797 1235 1851 aut

165 1902 346 1954 exeuntem
361 1885 533 1955 vidissent.
551 1885 681 1973 Quibus
699 1884 959 1972 affirmantibus,
976 1890 1140 1953 nemmem
1153 1889 1234 1956 Illuc

168 1996 353 2060 accessisse
361 2045 372 2078 ,
390 1993 510 2059 iterum
524 1992 626 2084 quieti
641 2005 674 2060 et
688 2015 805 2059 somno
823 2015 858 2060 se
877 1989 988 2058 dedit:
1006 2005 1104 2085 atque
1118 1991 1232 2062 eadem

168 2098 281 2165 animo
305 2097 374 2190 ejus
397 2097 581 2166 obversata
594 2111 644 2166 est
661 2098 794 2191 species.
816 2099 933 2190 Itaque
957 2095 1072 2190 fugato
1092 2122 1234 2188 somno,

169 2201 282 2272 lumen
300 2203 467 2272 introferri
485 2203 599 2296 jussit,
616 2189 825 2298 puerosque⁴
843 2227 863 2270 a
882 2227 916 2270 se
934 2201 1101 2272 discedere
1119 2207 1232 2274 vetuit.

168 2311 262 2378 Inter
281 2309 366 2380 hanc
384 2324 516 2379 noctem
535 2324 569 2378 et
584 2307 779 2405 supplicium
795 2309 928 2403 capitis,
943 2333 1010 2403 quo
1028 2333 1104 2378 eum
1123 2311 1234 2380 Caesar
1309 2348 1317 2362 ·

169 2415 297 2503 affecit,
312 2415 494 2511 paullulum
517 2415 695 2486 admodum
710 2417 868 2510 temporis
886 2416 1079 2485 intercessit.

224 2522 257 2592 8.
272 2521 485 2617 Propioribus
500 2536 628 2611 tamen,
643 2536 681 2591 ut
699 2524 746 2590 ita
758 2521 886 2606 dicam,
899 2507 1009 2590 lineis⁵
1022 2523 1125 2590 Aterii
1137 2523 1232 2614 Rufi,

169 2709 308 2786 redigeret.
319 2714 404 2768 Cicer.
416 2713 450 2768 ad
460 2715 539 2768 Attic.
551 2715 635 2780 XIII,
650 2717 678 2770 8.
722 2713 812 2768 bimur
823 2713 857 2767 ad
867 2713 1004 2768 meliorem
1011 2715 1109 2781 vitam,
1119 2729 1233 2770 autcon-

170 2791 246 2846 Idcm
256 2794 345 2848 Divin.
358 2795 388 2860 1,
402 2814 447 2848 ss.
457 2825 498 2838 -
509 2795 559 2848 An.
574 2795 609 2848 U.
622 2797 678 2848 626
723 2792 881 2848 demnemur
893 2793 926 2847 ad
939 2793 1106 2848 deteriorem.

171 2891 253 2944 quum
269 2887 425 2946 questurum
439 2886 549 2946 peteret.
764 2881 792 2938 4.
814 2875 957 2944 Puer-osque.
980 2875 1057 2936 Puer,
1081 2878 1154 2938 παῖς,
1176 2895 1231 2928 nou

216 2955 354 3006 rmum.
367 2955 442 3026 Epiri
452 2952 681 3025 promontorium,
724 2965 826 3006 tautum
837 2953 933 3017 atatis,
945 2951 1028 3006 sedet
1039 2966 1120 3006 status
1132 2955 1232 3010 seilicet

172 3032 219 3084 ubi
228 3033 358 3086 Antonios
369 3053 430 3086 cum
439 3033 579 3106 Cleopatra
588 3032 621 3084 ab
628 3033 682 3085 Au·
722 3033 784 3086 vitre
802 3033 904 3104 generis
917 3032 1074 3085 vocabulum
1089 3045 1136 3085 est.
1151 3033 1230 3088 Unde

172 3111 393 3183 gastorictusest.
402 3113 547 3166 -Cassius
556 3114 680 3164 Par-ruens.
724 3130 790 3184 quos
800 3125 861 3166 ante
873 3131 965 3178 servos,
974 3129 1046 3164 nuuc
1053 3131 1141 3182 pueros
1156 3111 1231 3168 dicit.

172 3191 271 3244 Multas
283 3193 386 3262 scripsit
397 3191 544 3264 tragedias.
549 3190 613 3246 Vid.
627 3191 683 3244 tto-
766 3192 791 3245 5.
797 3193 884 3245 Maru.
890 3193 911 3245 1.
922 3211 945 3245 e.
952 3192 1121 3264 propioribus
1127 3194 1232 3266 spatiis;

173 3269 256 3322 ratius
266 3271 293 3333 1,
306 3270 380 3342 epist.
391 3279 416 3336 4.
724 3271 877 3344 metaphora
897 3269 976 3325 ducto
992 3291 1006 3324 a
1021 3269 1115 3325 stadio.
1136 3273 1233 3326 Prima

218 3367 243 3400 n.
265 3347 385 3401 &madre
408 3364 484 3403 nocte.
502 3351 580 3404 Parte
595 3351 682 3404 noctis
724 3364 750 3404 et
763 3351 900 3423 propiores
913 3352 988 3405 lineae
1003 3364 1077 3416 sunt,
1093 3349 1164 3404 unde
1179 3352 1232 3404 ini·

174 3429 346 3498 intempesta,
362 3449 412 3502 que
426 3432 482 3483 fere
496 3450 588 3484 omnes
601 3432 682 3484 cuba·
724 3431 791 3484 tium
811 3450 902 3484 cursus
917 3443 1060 3503 ceperunt3
1081 3431 1233 3502 longinque

173 3505 316 3560 rent.Vide
323 3508 391 3561 Gell.
399 3511 526 3574 111,2.-
537 3509 632 3581 Copr'IIo
639 3511 681 3562 de·
725 3523 751 3564 et
765 3511 878 3576 ultime,
894 3529 952 3582 qun
970 3529 1077 3564 cursum
1096 3511 1231 3566 linierunt.

175 3589 258 3649 misso,
268 3587 286 3640 i.
296 3605 319 3640 e.
328 3587 422 3658 longo,
432 3590 549 3660 neglecto
561 3602 587 3642 et
601 3591 683 3662 impe·
724 3622 764 3632 —-
779 3591 942 3644 Admonitum.
963 3589 995 3642 Id
1011 3602 1062 3654 est,
1085 3589 1232 3645 indubitata

175 3686 217 3719 xo.
235 3667 267 3720 In
284 3667 385 3738 aliquot
394 3668 468 3722 MSS.
483 3673 598 3736 Immisso,
609 3667 681 3741 quod
724 3683 809 3723 morte
823 3671 992 3742 completum.
1012 3670 1116 3740 Lipsius
1131 3684 1232 3725 etcum

175 3747 358 3820 praetulerim,
379 3749 440 3818 quie
458 3749 612 3818 exquisitius
633 3762 681 3802 est.
724 3769 756 3802 eo
772 3750 922 3804 Gronovius
936 3750 1022 3821 legere
1035 3751 1137 3804 malunt
1148 3753 1231 3804 admo·

217 3822 536 3897 scrobesburiam
542 3828 682 3893 nascimur,
725 3839 787 3892 tum,
808 3831 871 3901 quia
886 3829 1039 3900 metaphora
1050 3827 1187 3902 desumpta
1199 3833 1233 3884 sit

175 3917 207 3956 ut
225 3905 357 3960 fabuletur
376 3906 496 3965 Servius,
517 3905 585 3960 duos
600 3911 683 3977 genior
725 3908 1070 3964 alineisCircensibus.Sed
1081 3911 1231 3983 nihilopns.

176 3987 318 4040 sortimur:
331 4006 429 4054 unum,
443 3988 490 4060 qui
500 4006 549 4040 uos
560 3987 683 4040 hortatur
726 3989 848 4042 Somnium
864 3988 1008 4042 admonitum
1021 3991 1142 4043 Valerius
1158 4010 1233 4043 more

177 4061 210 4116 ad
221 4067 302 4130 bono,
313 4067 425 4122 alterum
434 4101 442 4128 r
451 4069 499 4140 qui
511 4065 636 4140 depravat
649 4066 683 4120 ad
726 4087 774 4122 suo
783 4081 892 4140 usurpat
903 4067 937 4124 de
944 4071 1034 4125 sterio
1046 4090 1094 4144 per
1102 4069 1236 4126 somnium

179 4145 361 4212 malaQuibtu
370 4148 562 4214 assistentibus,
572 4161 617 4202 sut
626 4167 683 4203 ere·
726 4145 872 4202 admonito.
