3196 5122
360 476 435 549 230
543 475 766 545 VALERII
795 473 1003 543 MAXIMI
1028 473 1129 542 ‹ths
1158 475 1234 542 Ill.

356 613 477 682 inimo
496 611 627 706 gurgite
647 607 864 704 turpitudinis
887 628 955 676 suae
965 607 1076 700 jacere
1095 604 1229 702 patiar¹.
1256 603 1366 675 Satius
1383 621 1431 676 est

357 721 445 788 enim
459 739 613 805 narrare,
630 717 687 812 qni
704 715 847 784 illustres
865 715 929 782 viri
945 715 980 782 in
1000 713 1111 802 cultu,
1131 725 1319 808 caeteroque
1336 713 1429 784 vitae²

356 827 442 914 ritu,
464 823 574 918 aliqua
595 847 636 892 ex
654 838 749 918 parte
767 821 940 908 novando,
961 821 1022 890 sibi
1040 819 1246 890 indulserint.

418 955 449 1001 1.
463 934 499 1000 P.
514 915 658 1026 Scipio³,
674 953 778 1024 quum
793 930 827 998 in
840 927 950 998 Sicilia
958 927 1112 1022 augendo
1125 927 1430 1022 trajiciendoquein

358 1038 506 1108 Africam
528 1039 690 1122 exercitu,
718 1050 948 1132 opportunum
970 1035 1149 1130 querendo
1170 1035 1327 1131 gradum,
1346 1037 1431 1104 Car-

358 1145 505 1240 thaginis
521 1145 652 1214 ruinam
671 1146 784 1213 animo
797 1142 965 1230 volveret,
986 1144 1073 1212 inter
1086 1142 1222 1212 consilia
1234 1167 1275 1212 ac
1291 1141 1430 1212 molitio-

358 1277 418 1322 nes
439 1265 540 1320 tanto
560 1253 608 1320 rei
630 1272 767 1346 operam
792 1252 963 1346 gymnasio
989 1249 1097 1339 dedit,
1118 1248 1284 1345 pallioque
1303 1261 1336 1318 et
1357 1273 1431 1317 cre-

357 1359 444 1452 pidis
465 1383 546 1428 usus
560 1373 636 1428 est:
659 1383 722 1428 nec
742 1358 807 1426 hac
834 1383 870 1427 re
894 1358 1064 1452 segniores
1085 1358 1214 1452 punicis
1234 1355 1432 1426 exercitibus

358 1489 478 1535 manus
494 1465 619 1554 intulit;
641 1465 699 1534 sed
717 1467 830 1534 nescio
848 1489 891 1534 an
906 1465 981 1534 ideo
1001 1463 1197 1546 alacriores,
1220 1465 1298 1559 quia
1315 1477 1432 1558 vegeta

359 1587 393 1640 et
413 1587 549 1642 strenua
571 1573 702 1667 ingenia
718 1597 785 1668 quo
805 1571 880 1668 plus
901 1595 1050 1642 recessus
1071 1580 1224 1660 sumunt,
1247 1572 1313 1641 hoc
1334 1571 1430 1638 vehe-

358 1682 539 1748 mentiores
557 1679 700 1775 impetus
713 1679 819 1748 edunt
831 1704 838 1748 :
852 1678 1049 1748 crediderim
1068 1679 1167 1748 etiam
1186 1677 1336 1748 savorem
1358 1701 1432 1746 eum

359 1788 529 1856 sociorum
546 1785 734 1855 uberiorem
752 1811 787 1854 se
808 1785 1008 1880 adepturum
1027 1787 1247 1874 existimasse,
1266 1787 1293 1855 si
1309 1787 1432 1854 victum

359 1917 476 1962 eorum
500 1907 533 1961 et
552 1891 704 1962 solennes
728 1893 980 1962 exercitationes
1000 1893 1267 1986 comprobasset3
1289 1893 1332 1960 ad
1354 1915 1433 1986 quas

360 2013 432 2068 turn
447 1998 616 2087 veniebat,
628 2025 732 2094 quum
748 1998 890 2068 multum
906 2023 946 2070 ac
963 1999 1020 2068 diu
1036 1999 1205 2094 fatigasset
1213 2001 1389 2087 humeros,
1403 2013 1435 2066 et

360 2121 480 2174 eaetera
497 2106 650 2174 membra
664 2105 799 2174 militari
823 2108 1001 2201 agitatione
1021 2106 1214 2176 firmitatem
1237 2131 1331 2176 suam
1359 2131 1434 2200 pro·

361 2213 441 2281 bare
465 2213 655 2306 coegisset3
677 2208 944 2307 consistebatque
966 2213 1000 2280 in
1021 2211 1073 2281 his
1093 2211 1188 2281 labor
1206 2212 1293 2306 ejus,
1316 2215 1351 2280 in
1374 2209 1434 2280 illis

362 2319 512 2387 remissio
530 2316 663 2386 laboris.

418 2449 452 2493 2.
468 2427 506 2494 L.
521 2445 603 2490 vero
617 2425 785 2518 Scipionis
797 2439 940 2494 statuam
955 2412 1220 2520 chlamydatam⁴
1236 2439 1270 2494 et
1286 2425 1434 2520 crepida·

363 2543 431 2599 tarn
462 2532 496 2598 in
524 2529 690 2624 Capitolio
714 2533 906 2600 cernimus:
931 2557 998 2626 quo
1020 2527 1137 2599 habitu
1161 2529 1333 2622 videlicet,
1360 2534 1433 2627 quia

240 2663 248 2678 ·
363 2636 542 2732 aliquando
557 2661 637 2706 usus
652 2652 738 2724 erat,
753 2637 897 2733 effigiem
917 2661 1011 2706 suam
1027 2637 1204 2708 formatam
1222 2640 1303 2734 poni
1320 2637 1433 2708 voluit

417 2741 452 2814 3.
461 2745 499 2812 L.
512 2766 645 2840 quoque
659 2729 780 2830 Sulla⁵,
794 2769 899 2838 quum
913 2746 1094 2838 imperator
1107 2759 1209 2832 esset,
1224 2743 1434 2839 chlamydato

362 2851 424 2920 sihi
442 2865 476 2920 et
493 2849 664 2948 crepidato
685 2851 827 2950 Neapoli
846 2849 1016 2920 ambulare
1034 2849 1184 2921 deforme
1206 2877 1276 2922 non
1297 2851 1400 2920 duxit.

408 3067 434 3100 1.
451 3047 692 3118 Deformesque......
702 3048 794 3118 potior.
808 3045 878 3097 Tur·
921 3045 1054 3099 tenariam.
1081 3045 1165 3099 Pallio
1192 3046 1265 3099 enim
1294 3047 1435 3100 utebantur

363 3127 484 3197 pissimus
493 3127 606 3179 aliorum
619 3127 687 3178 ritas
698 3140 729 3179 ut
742 3125 878 3179 Ciceronis
922 3125 1000 3197 greci
1015 3125 1179 3199 philosophi.
1198 3125 1315 3198 Cupidus
1330 3126 1435 3182 Servius

361 3207 493 3278 junioris,
510 3207 694 3277 aliorumque,
710 3225 766 3260 non
787 3205 880 3258 adnm·
921 3207 1008 3258 Tusca
1043 3217 1121 3260 vocat
1151 3206 1352 3275 calceamenta,
1377 3225 1435 3279 quar

363 3287 456 3340 braho.
921 3285 1043 3356 corrigiis
1058 3285 1093 3338 sd
1110 3285 1192 3358 pedes
1205 3286 1433 3358 ligabanturvid.

406 3385 431 3420 s.
455 3367 530 3419 Vr'toe.
559 3363 688 3436 Pighius,
712 3366 823 3419 Colerus
852 3375 882 3418 et
922 3366 1448 3431 Gellius,XIII‚etBalduinasdecsl·,

364 3447 481 3518 Thysius
496 3447 566 3500 hanc
579 3463 673 3498 vocem
686 3447 877 3517 neglexerunt3
921 3464 970 3501 ceo
987 3445 1106 3518 antiquo.

364 3525 410 3578 sed
427 3539 510 3579 exstat
522 3545 578 3579 non
589 3538 692 3582 tantum
704 3525 732 3578 in
744 3525 878 3578 veteribus
964 3531 989 3588 4.
998 3527 1110 3579 Statuam
1117 3528 1303 3600 clloorsdotum.
1311 3527 1435 3598 Chlamys

365 3606 437 3675 typis
455 3605 603 3677 expressis,
619 3605 665 3658 sed
687 3605 766 3658 etlam
784 3607 813 3657 in
832 3624 878 3657 co·
922 3605 1080 3659 Graecomm
1090 3619 1147 3660 erat
1158 3608 1435 3680 superindumentum,

364 3683 469 3738 dinibus
482 3701 563 3737 manu
576 3686 688 3758 scriptis.
921 3703 976 3756 quo
989 3686 1018 3738 in
1030 3687 1169 3741 itineribus
1178 3699 1204 3741 et
1213 3689 1275 3742 alias
1285 3689 1345 3758 ,sed
1358 3707 1435 3754 raro,

406 3765 433 3816 3.
455 3767 488 3817 Ρ.
510 3763 602 3837 Septa.
617 3767 667 3819 An.
684 3765 719 3818 U.
737 3765 801 3828 548.
817 3765 875 3818 Liv.
921 3767 1066 3820 utebantur
1091 3767 1172 3822 etiam
1198 3771 1323 3823 Romani.
1337 3770 1435 3822 Omnes

364 3845 470 3910 XXIX,
491 3865 535 3914 ¹9·
554 3864 595 3888 ·-
610 3845 751 3918 omaus.
769 3847 877 3898 Exerci·
920 3846 996 3900 MSS.
1012 3849 1168 3900 clamidatam
1181 3849 1290 3903 hahent.
1313 3849 1370 3904 Cic.
1387 3867 1435 3922 pro

364 3923 459 3976 sationi
475 3926 504 3978 in
522 3943 552 3977 re
571 3926 694 3978 literaria.
709 3925 762 3978 Sed
783 3927 877 3978 referri
921 3928 952 3980 C.
965 3929 1117 3996 Rabiri0,c.
1130 3947 1174 3982 ro.
1186 3961 1223 3977 -
1236 3930 1371 4000 Capitolio.
1383 3929 1436 3982 Ubi

365 4004 442 4055 etiam
450 4009 578 4074 gymnasia
587 4019 699 4076 possunt
709 4005 741 4058 ad
750 4026 804 4071 eas,
812 4025 876 4078 quas
920 4008 1141 4080 triumphantium
1151 4022 1242 4064 statuae
1249 4010 1343 4082 posits!
1352 4021 1434 4063 mant.

364 4096 500 4154 postremo
514 4085 652 4149 nominat,
666 4087 787 4158 corporis
803 4105 876 4138 saer·
963 4089 989 4142 5.
1006 4092 1035 4141 L.
1044 4109 1135 4161 quaqua
1142 4091 1222 4144 Sulla.
1230 4090 1303 4144 Sulla
1311 4090 1435 4144 adversus

365 4162 516 4228 citationes;
526 4165 642 4232 pallium,
654 4177 720 4229 etc,
734 4161 832 4218 adrem
844 4165 876 4215 li·
921 4166 1104 4223 Mithridatem
1114 4171 1217 4224 missus.
1226 4173 1276 4225 An.
1290 4172 1359 4226 Urh.
1369 4175 1433 4239 674.
