3196 5122
302 474 409 542 CAP.
438 469 555 555 VIII,
582 471 651 538 DE
679 469 1022 540 CONSTANTIA.
1125 471 1197 546 255

142 607 279 676 arbitrio
303 603 471 698 plebiscita
492 600 740 688 ordinarentur,
765 601 935 696 indignum
956 601 1126 694 judicans,
1152 591 1203 676 tot

143 728 177 782 et
196 728 263 782 tam
280 709 513 778 benemeritos
530 732 571 776 ea
591 707 725 802 indigna
742 731 842 777 causa
855 708 980 802 impetu
997 709 1128 780 invidiae
1143 712 1202 781 ab·

142 820 221 913 ripi,
254 817 429 886 temeritati
458 811 674 884 multitudinis
701 815 917 884 constantiam
945 837 1038 883 suam
1062 817 1201 911 objecit,

141 925 349 1016 maximoque
368 921 536 991 concionis
556 919 687 1014 fragore
703 933 735 988 et
750 920 980 990 incitatissimis
998 922 1094 992 minis
1108 949 1200 994 com·

140 1028 254 1124 pulsus
272 1041 419 1116 nonest,
440 1040 478 1094 ut
495 1050 530 1095 se
547 1024 688 1121 publicae
704 1025 875 1095 dementiae
888 1040 1057 1094 auctorem
1075 1029 1199 1099 adscri-

139 1136 253 1204 beret:
269 1159 342 1230 quae
359 1133 513 1228 oppositu
534 1133 604 1226 ejus
618 1129 763 1226 legitima
778 1133 917 1226 grassari
934 1129 997 1200 via¹
1017 1135 1197 1227 prohibita,

138 1242 262 1335 injusto
279 1255 458 1335 praetorum
480 1263 598 1308 cruore
616 1263 733 1308 manus
750 1263 825 1308 suas
846 1239 1070 1308 contaminare
1088 1266 1196 1334 perse-

138 1348 286 1434 veravit3
307 1371 368 1416 nec
389 1345 498 1414 timuit
518 1347 683 1430 Socrates,
705 1369 747 1412 ne
766 1359 982 1414 constematoe
1002 1347 1115 1438 patriae
1135 1373 1196 1417 un·

50 1519 55 1526 ,
137 1449 305 1522 decimus²
329 1453 422 1521 furor
443 1475 533 1518 mors
555 1451 655 1543 ipsius
677 1449 837 1518 existeret.

194 1559 437 1644 d..Proximum
445 1541 469 1641 ³,
485 1557 545 1624 etsi
563 1579 631 1622 non
646 1553 791 1647 ejusdem
807 1553 989 1648 splendoris
1008 1570 1073 1642 est,
1088 1570 1198 1626 tamen

135 1663 222 1733 adeo
231 1678 358 1732 certum
367 1660 559 1731 constantim
568 1659 681 1728 baberi
691 1674 800 1755 potest
810 1663 1198 1756 experimentum,quum

135 1768 283 1838 efficacis
305 1791 414 1862 operae
436 1765 589 1851 forensis,
611 1780 682 1835 tum
704 1765 780 1835 iidei
800 1792 869 1836 non
897 1765 1035 1836 latentis.
1060 1767 1198 1839 Athenis

135 1872 309 1968 Ephialtes
329 1893 483 1941 accusare
503 1869 634 1965 publice
658 1872 782 1965 jussus,
810 1886 843 1940 et
868 1873 953 1940 inter
977 1887 1113 1942 caeteros
1130 1875 1197 1945 De·

136 1981 291 2048 mostrati
320 2001 441 2047 nomen
467 1975 596 2046 deferre
624 1991 757 2048 coactus
784 1991 853 2064 est,
888 1978 981 2070 cujus
1011 1977 1097 2048 filius
1128 1997 1198 2050 erat

136 2083 380 2168 Demochares,
401 2080 587 2151 excellentis
603 2083 717 2151 formae
735 2108 833 2177 puer,
849 2084 958 2152 animo
972 2083 1041 2176 ejus
1056 2084 1197 2179 flagran-

136 2191 267 2258 tissimo
293 2188 454 2258 inhaerens
476 2212 604 2278 amore;
626 2189 735 2282 itaque
760 2190 943 2258 communis
966 2189 1066 2258 officii
1093 2179 1198 2261 sorte⁴

182 2393 209 2430 ι.
226 2376 344 2447 Opposita
353 2415 429 2429 ......
438 2375 569 2446 prohibito.
585 2375 647 2428 Fuit
689 2379 825 2437 rimarum,
847 2389 980 2428 esttamen
998 2377 1103 2447 efficacis
1119 2399 1196 2450 oparoe

134 2455 210 2509 enim
220 2455 338 2510 Socrates
350 2453 518 2519 demarchus,
526 2457 600 2523 enjus
608 2455 647 2506 in·
681 2457 801 2520 summu,
815 2474 844 2506 ar
849 2454 914 2525 fidei
922 2475 969 2508 noa
979 2457 1083 2510 latentis.
1093 2458 1195 2531 Nempe

132 2538 210 2606 jussu
220 2535 387 2606 plebiscitum
397 2534 455 2586 fleri
467 2551 522 2589 nnn
532 2544 644 2604 poterat.
687 2552 741 2587 non
759 2545 798 2586 est
810 2535 911 2603 quidm
926 2536 1070 2606 splendoris,
1086 2537 1148 2608 quia
1166 2539 1193 2591 in

179 2633 206 2666 a.
227 2613 376 2666 Undccr'rous.
395 2613 436 2665 Ne
454 2623 514 2682 poet
531 2611 557 2664 Χ
577 2629 645 2682 prte-
687 2631 717 2666 re
734 2613 816 2684 magis
832 2615 943 2668 obscura
963 2616 1062 2670 Iactum
1077 2631 1133 2683 est;
1146 2639 1192 2670 non

133 2706 227 2746 torum
249 2693 407 2764 supplicium
429 2692 485 2764 ipse
508 2690 642 2742 undecimus
687 2691 747 2743 adeo
758 2703 857 2754 certum,
872 2695 934 2766 qnia
949 2693 1049 2749 Socrati
1061 2715 1123 2750 cum
1136 2710 1193 2750 toto

133 2785 218 2836 esset,
230 2773 277 2843 qui
292 2772 496 2844 opprimeretur.
687 2771 787 2842 populo
802 2773 923 2838 recinit,
939 2787 965 2826 et
980 2777 1071 2828 mortis
1087 2795 1193 2847 quoque

179 2852 206 2905 3.
219 2853 369 2912 Pmaes'rrsusrs,
379 2863 429 2904 etc.
440 2850 499 2904 idos
508 2859 563 2902 erat
574 2847 644 2920 a'pnd
687 2861 760 2902 metu
777 2868 792 2901 a
808 2851 945 2921 proposito
960 2851 1057 2905 adduci
1073 2873 1127 2906 non
1143 2873 1192 2925 po·

132 2931 324 2995 Athenienses,
338 2941 367 2982 ut
385 2942 457 2982 sorte
475 2928 644 2982 traberentm·
687 2929 845 2998 tuit,qunm
854 2929 1193 2998 buicprialtasresIuerit

132 3010 183 3081 qni
199 3027 284 3063 mores
297 3009 436 3062 bominum
450 3020 476 3060 et
490 3009 552 3061 vitas
566 3008 646 3060 ratio·
687 3025 748 3069 eum
765 3023 866 3078 ρυειο,
880 3026 960 3077 quesn
973 3010 1088 3074 amabat,
1101 3029 1192 3081 quern-

131 3105 214 3154 nem,
230 3089 303 3160 qnasi
325 3106 459 3151 censores,
474 3085 644 3158 indagarent,
687 3104 739 3157 que
770 3085 877 3158 insuper
908 3087 1053 3158 supplicem
1084 3091 1193 3159 genibus

130 3181 160 3220 et
175 3185 243 3238 qnos
256 3185 312 3220 non
325 3167 591 3238 probarent,publice
601 3184 644 3219 ac·
687 3165 741 3218 suis
757 3163 912 3219 advolutum
931 3167 1029 3219 intueri
1044 3185 1099 3220 non
1115 3171 1193 3222 susti·

129 3257 271 3308 cusarent,
287 3263 370 3316 quum
378 3245 440 3298 ritas
447 3245 575 3298 rationem
583 3243 644 3298 red·
687 3247 763 3309 nuit,
776 3243 822 3298 sed
838 3245 902 3300 flens
918 3259 944 3300 et
960 3265 1067 3318 gemens
1081 3267 1192 3320 precan-

128 3324 202 3378 dere
218 3341 272 3376 non
287 3335 403 3394 possent.
417 3353 457 3366 ·-
468 3324 525 3376 Non
539 3325 643 3378 uram.
686 3323 863 3390 temaudivit,
872 3326 956 3398 capite
965 3325 1192 3394 obvolutogtamsn

128 3402 208 3469 Quia
223 3401 356 3472 Ephialtes
370 3403 398 3456 in
413 3403 472 3455 loro
488 3403 561 3466 fecit,
572 3401 644 3474 quod
683 3415 765 3475 potest
783 3405 865 3457 haberi
885 3410 1065 3476 experimentum
1088 3406 1192 3476 efficacis

128 3480 332 3536 donnicatum
349 3480 427 3534 codd.
443 3481 517 3536 MSS.
537 3495 564 3534 et
582 3480 643 3536 edd.
686 3503 763 3554 operor
772 3485 893 3550 sbrcnsr's,
914 3484 978 3538 dum
992 3505 1068 3539 reum
1084 3483 1192 3540 damna-

117 3561 266 3616 omittunt
274 3561 378 3613 voculas
387 3579 470 3632 quum,
482 3573 542 3623 noa,
552 3579 581 3614 ac
594 3580 644 3633 pro
686 3563 740 3628 vit,
755 3582 786 3616 ex
799 3582 851 3635 qua
868 3584 897 3618 re
913 3569 1006 3618 minine
1023 3566 1094 3628 iant,
1113 3585 1192 3636 quam

130 3653 218 3694 tannen
229 3640 302 3701 adeo,
314 3638 387 3710 quod
399 3639 537 3710 procedit,
547 3640 645 3696 babent
686 3643 787 3696 sincera
790 3644 844 3712 fids
852 3644 926 3697 illum
937 3645 1106 3710 accusaverit,
1116 3659 1193 3718 atque

129 3721 255 3792 adeoque.
275 3718 363 3772 deleto
385 3731 475 3780 tamen,
495 3720 567 3792 quod
584 3721 642 3774 voci
687 3720 753 3774 adeo
774 3737 935 3778 constmtem
956 3723 1035 3776 fuisse
1050 3725 1119 3779 illiue
1136 3727 1193 3780 ani·

129 3797 241 3870 efficacis
250 3799 401 3870 prodigunt.
410 3797 488 3852 Unde
498 3799 642 3854 Torrenias
687 3819 760 3854 mum
781 3815 873 3856 contu
894 3804 948 3856 rim
971 3815 1049 3876 atque
1069 3805 1192 3859 ardorem

130 3878 257 3950 conjicit,
266 3890 349 3931 totam
363 3876 503 3950 periodum
515 3881 548 3931 ab
558 3894 645 3934 ancto-
687 3881 791 3934 amoris.

130 3977 163 4010 re
177 3958 216 4010 ita
229 3958 309 4010 fuisse
321 3969 494 4029 conceptam:
506 3960 644 4012 Prosimm
728 3968 752 4023 4.
767 3960 844 4022 Sorte.
861 3961 930 4027 Quin
945 3959 1069 4016 delatoris
1082 3976 1109 4015 et
1123 3981 1195 4016 accu-

130 4041 182 4089 etsa'
200 4055 247 4090 non
264 4038 367 4108 ejusdem
382 4037 524 4109 splendoris.
542 4039 645 4111 adcoqm
688 4041 782 4094 satoris
803 4041 935 4106 osticium,
954 4039 1026 4115 quod
1046 4043 1074 4096 In
1097 4061 1195 4096 unam·

132 4127 228 4169 certior
240 4123 380 4171 constantia
394 4119 476 4171 heberi
485 4131 564 4191 potest
575 4137 645 4190 saps-
689 4137 820 4192 qnemque
839 4119 932 4176 cadere
947 4134 1067 4194 poterat,
1080 4135 1150 4177 sorte
1166 4124 1194 4176 in
