3196 5122
302 553 408 624 CAP.
436 551 557 636 VIII,
583 551 652 620 DE
680 551 1028 621 CONSTANTIA.
1121 557 1198 650 249

142 683 356 758 temeritatem
372 685 442 778 ejus
461 699 495 753 et
515 697 664 752 ruentem
688 685 918 771 comitaretur,
934 699 967 752 et
986 683 1198 779 languentem

141 792 322 864 actionibus
343 793 409 860 suis
432 791 658 859 inllammaret
675 791 716 858 In
738 790 802 859 boc
821 789 1004 860 miserando
1023 793 1146 886 pariter
1165 805 1199 862 et

141 897 363 968 erubescendo
379 911 465 966 statu
484 898 642 981 civitatis,
667 910 795 965 tantum
815 895 897 964 non¹
920 897 1071 966 manibus
1087 899 1198 967 tribu·

140 1029 260 1073 norum
281 1029 342 1098 pro
358 1005 473 1072 rostris
486 1005 559 1072 Piso
573 1001 767 1089 collocatus,
782 1027 883 1096 quum
897 1003 975 1071 hinc
994 1017 1091 1098 atque
1108 1002 1199 1074 illinc

141 1135 216 1180 eum
248 1110 445 1195 ambissent,
474 1123 508 1177 et
538 1132 586 1177 an
614 1110 817 1178 Palt'caurun
829 1161 840 1194 ,
874 1108 1057 1203 srffugu'r
1076 1111 1204 1206 populi

140 1218 310 1286 consulem
332 1231 504 1300 creatum,
528 1221 781 1284 renuntiaturus
797 1231 900 1300 esset,
924 1216 1200 1311 interrogaretur,

140 1325 251 1417 primo
276 1320 448 1415 respondit
471 1346 479 1388 ε
502 1323 585 1390 Non
613 1326 810 1390 existr'mare
835 1345 872 1389 se
883 1374 893 1406 ,
924 1325 1030 1388 tana‘s
1057 1321 1200 1392 tenebre

140 1428 295 1519 ‹ffsusam
306 1452 380 1496 esse
392 1425 650 1522 rempublicam,
670 1441 706 1492 ut
718 1425 783 1492 lruc
796 1427 1008 1520 mdrgm‘tatis
1021 1433 1200 1496 uentrettu.

140 1533 271 1602 Deinde
291 1557 393 1627 quum
408 1543 657 1625 perseveranter
668 1531 842 1614 instarent,
860 1555 899 1599 ac
915 1531 1082 1601 dicerent:
1100 1535 1198 1626 Age,

140 1645 324 1709 sitientum
338 1636 476 1726 fuerit?
494 1637 576 1704 Non
593 1635 812 1722 renuntiabo,
835 1638 948 1730 inquit
971 1639 1049 1726 Quo
1067 1637 1200 1732 quidem

140 1759 211 1813 tam
226 1739 384 1813 abscisso²
407 1764 565 1834 responso
586 1741 791 1810 consulatum
808 1741 977 1827 Palicano,
991 1746 1083 1837 prius
1101 1766 1200 1837 quam

140 1849 234 1918 illum
254 1849 505 1940 adipisceretur,
525 1848 654 1940 eripuit.
675 1846 782 1914 Multn
806 1862 840 1916 et
858 1847 1017 1916 terribilia
1036 1850 1111 1918 Piso
1127 1873 1202 1918 con·

140 1955 293 2048 tempsit,
303 1953 381 2020 dum
394 1954 574 2045 speciosum
588 1953 705 2020 mentis
714 1975 781 2020 suae
789 1953 876 2022 llecti
888 1977 954 2022 non
964 1952 1035 2022 vult
1046 1957 1199 2049 rigorem.

201 2063 234 2143 Δ.
252 2055 404 2126 Metellus
422 2071 530 2126 autem
549 2043 776 2144 Numidicus³,
794 2072 930 2152 propter
950 2059 1117 2128 consimile
1134 2085 1203 2154 per

145 2166 336 2234 severantiae
355 2187 475 2258 genus,
496 2165 623 2258 excepit
642 2187 773 2257 quoque
792 2164 959 2259 indignum
977 2165 1145 2258 majestate
1162 2189 1202 2234 ac

144 2270 295 2340 moribus
311 2271 376 2339 suis
396 2267 594 2363 procellam:
613 2293 715 2363 quum
738 2271 824 2338 enim
846 2270 1202 2366 animadverteretque

144 2376 317 2446 tenderent
328 2377 493 2444 Saturnini
507 2375 628 2444 tribuni
641 2375 744 2470 plebis
757 2375 876 2446 funesti
890 2364 1056 2462 conatus⁴‚
1069 2391 1203 2472 quanto

144 2507 209 2576 que
230 2481 316 2550 malo
338 2478 542 2576 reipublice,
562 2482 622 2550 nisi
642 2481 692 2550 bis
712 2497 959 2567 occurreretur,
985 2508 1043 2552 eru
1069 2485 1134 2552 turi
1152 2507 1201 2554 es·

144 2602 233 2676 sent;
252 2591 286 2656 in
298 2586 460 2674 exsilium,
474 2611 572 2681 quam
590 2588 623 2655 in
646 2586 750 2682 legem
769 2589 853 2682 ejus,
870 2591 917 2658 ire
930 2587 1047 2659 maluit
1067 2643 1073 2658 .
1090 2593 1202 2660 Potest

144 2692 260 2787 aliquis
275 2695 339 2763 hoe
353 2695 425 2762 viro
440 2693 504 2764 dici
518 2692 740 2763 constantior?
751 2697 824 2789 qui,
838 2719 880 2764 ne
894 2698 1052 2765 sententia
1065 2720 1123 2766 sua
1137 2693 1203 2791 pel·

144 2797 282 2888 leretur,
305 2802 424 2895 patria,
444 2801 478 2868 in
499 2825 565 2894 qua
586 2825 751 2869 summum
770 2800 935 2895 dignitatis
955 2802 1094 2895 gradum
1112 2802 1201 2870 obti-

145 2905 263 2991 nebat,
285 2930 395 2975 eorere
414 2907 576 2976 sustinuit

202 3008 234 3082 5.
258 3015 420 3081 Caeterum
443 3027 481 3081 ut
499 3013 665 3082 neminem
686 3011 716 3080 ei
733 3010 949 3105 praetulerim,
970 3014 1014 3081 ita
1037 3013 1101 3100 Qu.
1122 3014 1201 3082 Scae

145 3114 256 3185 volam
288 3102 605 3210 augurem⁶·merito
630 3119 900 3213 comparaverim.
925 3115 1104 3213 Dispulsis⁷
1130 3142 1202 3212 pro·

144 3224 320 3314 stratisque
343 3222 550 3292 inimieorum
571 3224 735 3319 partibus,
758 3222 848 3292 Sulla
869 3239 1030 3318 occupata
1056 3223 1138 3292 urbe
1159 3247 1205 3292 se·

144 3340 265 3394 natum
282 3341 426 3396 annatus
446 3344 613 3422 coegerat,
626 3355 665 3399 ac
687 3353 814 3398 summa
829 3329 1007 3424 cupiditate
1022 3329 1204 3418 ferebatur,

146 3445 189 3500 ut
216 3433 253 3500 C.
279 3432 404 3500 Marius
429 3457 528 3527 quam
553 3433 720 3504 celerrime
743 3436 846 3506 bostis
863 3435 1073 3528 judicaretur.
1100 3433 1203 3528 Cujus

193 3658 218 3693 t.
230 3639 334 3692 Tannus
341 3641 653 3714 mo.Ferme,relquasi.
697 3645 768 3698 rium
787 3644 907 3697 exsilium
926 3640 1050 3696 Rhodum
1069 3643 1202 3715 prefectus

192 3739 218 3773 a.
234 3719 357 3772 Abscisso.
371 3719 498 3788 Contine,
512 3723 595 3776 breri.
698 3737 751 3789 est,
772 3725 862 3795 ibique
886 3719 997 3793 legendo
1021 3735 1047 3776 et
1070 3722 1201 3778 audiendo

191 3803 216 3852 3.
228 3799 339 3851 Metellae
350 3811 428 3851 auum
440 3801 589 3856 Numidicus.
602 3805 654 3856 An.
698 3821 806 3874 magnos
815 3803 887 3856 viros
900 3800 1116 3856 advocahotvid.
1128 3804 1199 3856 Flor.

149 3878 185 3931 U.
197 3877 264 3932 65³.
273 3879 332 3931 Lir.
342 3877 446 3945 LXIX,
458 3879 513 3933 Cic.
522 3899 573 3952 pro
581 3882 654 3936 autb.
698 3883 755 3947 Ill,
772 3885 816 3936 16·

191 3966 219 4023 t.
235 3957 518 4012 &summumne
536 3959 603 4013 Nam
618 3961 655 4014 le·
739 3965 766 4016 6.
790 3960 920 4015 Seoewlam
947 3979 1068 4032 erigerem
1091 3961 1142 4012 Au·
1166 3959 1199 4013 U.

151 4054 209 4107 gem
222 4039 348 4108 agrariam
362 4057 411 4110 per
425 4040 481 4093 rim
495 4039 598 4092 tulerat.
700 4041 766 4095 665.

194 4117 218 4169 5.
241 4118 279 4169 Ire
299 4119 392 4172 maluit.
412 4119 534 4174 Metellus
556 4117 656 4192 quide
739 4139 765 4192 7.
777 4119 904 4191 Dispulu's.
919 4119 988 4173 Ilale
999 4119 1107 4192 Pighius
1118 4117 1200 4192 depul-

151 4194 281 4265 lugunt·
293 4199 484 4271 triumpharat,
496 4201 524 4255 in
536 4201 654 4256 volunta·
699 4206 739 4254 εἰς.
750 4199 871 4271 Bupulrir
881 4211 920 4254 eut
928 4197 1052 4272 disjectis,
1062 4198 1199 4272 dissipatis.
