3218 5128
410 455 517 524 cru.
547 455 647 541 vn,
679 455 749 526 uu
783 455 1017 528 somnus.
1198 457 1245 554 u7

176 589 278 662 filiam
297 613 412 676 suam,
437 587 528 682 quod
548 588 583 658 in
604 587 714 682 quiete
736 587 865 658 viderat
885 589 1017 660 urinam
1037 589 1109 684 ejus
1133 617 1249 666 omues

176 699 336 769 Asiaticas
349 709 464 792 gentes
475 692 757 784 inundasse¹,non
768 694 946 766 Medorum
958 695 1251 790 excellentissimo,

175 829 220 874 ne
235 806 269 874 in
286 804 357 898 ejus
371 800 528 872 familiam
546 801 641 896 regni
661 801 764 877 decus
780 801 1036 892 transferretur,
1057 804 1115 877 sed
1134 807 1249 880 Persa·

174 937 250 982 rum
269 910 409 980 modicae
427 909 570 980 fortunae
589 909 664 978 viru
685 907 897 997 collocando,
916 924 1098 1006 natumque
1121 911 1250 1006 Cyrum

173 1019 298 1114 exponi
307 1015 456 1111 jubendo
468 1041 476 1084 τ
488 1017 567 1111 quia
576 1013 726 1086 similiter
737 1015 855 1110 quietis
869 1017 1075 1111 temporibus
1084 1019 1250 1090 existima·

173 1139 285 1213 verat,
299 1121 433 1219 genitali
443 1137 538 1218 parte
549 1121 733 1195 Mandanes
747 1136 879 1192 enatam
888 1123 989 1194 vitem
1004 1149 1045 1194 eo
1058 1149 1163 1219 usque
1177 1151 1249 1198 cre-

173 1235 278 1318 visse,
297 1231 403 1302 donec
418 1243 555 1300 cunctas
574 1229 807 1300 dominationis
824 1254 891 1300 suae
906 1243 1018 1325 partes
1033 1231 1248 1304 inumbraret.

173 1339 239 1410 Sed
261 1339 437 1413 frustratus
456 1351 506 1408 est
527 1362 562 1408 se
583 1337 671 1432 ipse,
690 1338 819 1432 nepotis
840 1335 1052 1424 felicitatem,
1071 1338 1250 1412 caelestium

170 1445 299 1540 judicio
317 1445 535 1530 destinatam,
555 1443 709 1514 humanis
732 1441 878 1514 consiliis
900 1443 1061 1539 impedire
1086 1447 1248 1520 conando.

230 1551 265 1624 6.
281 1556 375 1624 Intra
388 1553 555 1646 privatum
574 1565 684 1623 autem
699 1550 850 1620 habitum
867 1553 1028 1644 Dionysio
1049 1577 1249 1647 syracusano

175 1659 286 1729 adhuc
305 1683 339 1728 se
353 1659 564 1744 continente,
585 1654 750 1726 Himerae²
774 1656 926 1751 quaedam
949 1683 1017 1726 non
1036 1659 1169 1730 obscuri
1189 1686 1249 1758 ge·

174 1769 264 1836 neris
282 1765 420 1850 femina,
438 1765 526 1832 inter
543 1765 687 1856 quietem
704 1763 861 1856 opinione
876 1787 935 1832 sua
948 1761 1065 1836 caelum
1085 1791 1248 1838 conscen-

175 1873 239 1959 dit,
256 1885 355 1964 atque
373 1869 496 1938 ibidem
514 1872 665 1937 Deorum
684 1869 833 1936 omnium
848 1866 996 1936 lustratis
1013 1869 1162 1960 sedibus,
1180 1875 1250 1940 ani-

176 1977 356 2046 madvertit
369 1973 602 2070 praevalentem
615 1975 725 2044 virum
736 1973 812 2042 llnvi
824 1971 959 2062 coloris,
971 1972 1156 2070 lentiginosi
1169 1979 1250 2064 oris,

177 2083 294 2153 ferreis
305 2083 429 2152 catenis
443 2083 610 2168 vinctum,
625 2081 717 2152 Jovis
730 2078 812 2149 solio
825 2078 1030 2178 pedibusque
1044 2079 1249 2176 subjectum:

175 2191 447 2285 interrogatoque
459 2192 601 2283 juvene,
623 2213 690 2281 quo
708 2186 937 2260 considerandi
951 2187 1021 2260 caeli
1043 2189 1128 2264 duce
1143 2190 1251 2264 morat

175 2319 255 2385 usa,
279 2302 436 2392 quisnam
456 2295 573 2364 esset?
592 2293 714 2380 audiit,
735 2295 828 2364 reum
850 2295 980 2365 Siciliae
1004 2311 1111 2390 atque
1136 2301 1251 2368 Italioe

173 2403 285 2473 dr'rum
304 2401 527 2494 essefatum,
550 2402 764 2495 solutumque
784 2403 945 2490 vasculis,
972 2403 1088 2471 multu
1111 2403 1249 2475 urbibus

173 2510 451 2601 exittofiaurum
468 2535 479 2577 .·
496 2507 586 2603 quod
604 2510 767 2588 somnium
787 2523 921 2602 postero
935 2507 987 2584 die
1002 2534 1155 2580 sermone
1176 2511 1249 2584 vul·

176 2619 277 2714 gavit.
299 2619 480 2712 Postquam
501 2614 620 2684 deinde
639 2615 836 2709 Dionysium
860 2615 991 2683 inimica
1009 2617 1247 2710 Syracusarum

175 2828 305 2902 genitivos
321 2827 367 2882 uni
388 2821 506 2898 junxisse
523 2823 636 2882 nomini.
653 2825 688 2879 Et
772 2846 798 2880 a.
814 2825 931 2878 Hem.
943 2826 1068 2878 Himeraea
1081 2821 1153 2888 (soil.
1167 2829 1244 2884 lemi-

176 2905 270 2984 qnidni
278 2911 428 2978 prauumue
436 2909 524 2958 somnii
533 2905 617 2978 accipi
627 2924 688 2977 pos·
730 2902 775 2968 na)
780 2905 866 2978 legere
873 2903 966 2960 suadet
971 2906 1194 2978 Vorstim,quum
1200 2909 1245 2962 Ti·

175 2989 210 3044 sit
223 3007 272 3060 pro
289 2991 405 3040 somnium
421 2989 607 3058 pronuntiem?
619 3003 687 3060 proe·
730 2986 840 3050 mesias,
862 2987 937 3057 cujus
952 2983 1033 3036 verba
1056 2985 1244 3058 interpretatus

174 3068 267 3123 sertim
274 3086 356 3140 quum
365 3065 478 3121 addatur
485 3065 550 3119 alter
555 3065 688 3140 genitivus
731 3078 770 3118 est
779 3063 914 3125 Valerius,
930 3063 1024 3118 hebeat
1039 3082 1046 3117 :
1060 3070 1174 3138 possim,
1187 3069 1249 3126 τινὰ,

176 3149 231 3212 rei,
248 3167 328 3218 quam
345 3147 478 3200 somnium
493 3143 687 3220 prenuntiarit.
730 3147 759 3198 τὸ
773 3148 840 3232 plne
856 3135 970 3216 lpspeias
987 3139 1047 3198 llsis
1062 3148 1128 3218 ὄναρ.
1144 3180 1184 3222 -.
1195 3149 1244 3206 Hi·

221 3245 245 3280 1.
263 3227 361 3280 Urinam
372 3230 422 3298 ejus
427 3266 473 3280 .....
479 3225 613 3278 inundasse.
630 3223 688 3276 Ho-
732 3237 832 3290 meram,
846 3225 940 3278 urbem
953 3223 1061 3290 Sicilia,
1075 3245 1090 3278 a
1105 3225 1242 3284 Messeniis

176 3305 278 3360 nestius
292 3305 424 3370 lustinus,
442 3307 523 3360 vitem
537 3306 565 3358 in
581 3322 688 3356 omnem
731 3302 882 3371 conditam,
894 3305 1153 3376 Carthaginiensium
1167 3299 1241 3362 clade

176 3387 268 3439 Asiam
293 3403 320 3437 se
344 3384 529 3440 extendentem
556 3385 687 3456 Astyagen
731 3383 878 3450 notam,ub
887 3383 1241 3458 Hannibaledirutam‚quis

175 3463 288 3527 vidisse,
309 3463 397 3517 relect.
419 3464 469 3518 Sed
485 3465 608 3518 Valerius
627 3482 689 3516 con·
731 3463 985 3538 nesciatfflronjsius
991 3467 1059 3532 prior
1068 3466 1186 3536 regnavit
1197 3487 1242 3522 an·

174 3545 264 3620 jungit
280 3556 429 3616 utrumque.
450 3543 580 3599 coruum
594 3548 688 3599 urnam
730 3543 772 3596 nie
786 3544 871 3596 XLII.
883 3545 959 3598 conr.
972 3543 1068 3596 Times.
1080 3543 1242 3616 HistonVI,

175 3623 318 3699 legendum
328 3636 407 3695 puto,
419 3624 597 3695 praeunribus
608 3621 687 3676 oodd.
731 3642 773 3696 ap.
785 3623 954 3676 Muretvar.
964 3623 1037 3674 Lecr.
1050 3623 1133 3689 XIV,
1148 3628 1191 3680 15.
1200 3660 1238 3670 -

176 3703 443 3760 brand-Maritum
450 3701 605 3770 Mandanes,
614 3702 687 3756 Cam·
730 3703 881 3773 laenrlglnosi
891 3709 952 3765 oris,
965 3703 982 3756 i.
996 3721 1018 3756 e.
1032 3703 1097 3756 facie
1113 3704 1240 3778 lentigine

176 3785 261 3858 hysen,
273 3783 397 3838 nonnulli
408 3783 560 3854 praelectum
572 3801 592 3842 s.
607 3795 688 3836 setra-
730 3802 776 3836 seu
795 3784 903 3836 maculis
920 3782 1035 3836 subrutis
1050 3783 1144 3838 obsita.
1159 3786 1239 3842 Unde

176 3884 238 3940 pern
258 3859 435 3936 (rieeregem)
458 3861 553 3916 Persis!
574 3861 688 3927 babent,
730 3865 808 3916 etiarn
823 3861 1239 3936 intelligitur,quidsitillud'l'e·

175 3944 250 4018 quod
256 3941 687 4014 munuslorsansequioripourpa·
730 3943 809 3996 rentii
823 3942 916 3996 lleaut.
926 3943 959 4008 V,
973 3945 1006 4016 5,Ι
1020 3947 1236 4016 18,or'rgosparso

176 4022 687 4098 etumuuprialeloednstempore,etjam
729 4023 1234 4100 omnimirumqueoslentigineppar·

175 4103 225 4160 din
236 4117 299 4162 nato
307 4105 392 4177 Cyro,
401 4104 426 4159 ei
438 4100 627 4158 demandatum
637 4114 684 4158 est.
729 4121 789 4156 sum
804 4103 891 4156 babet.

1004 4235 1046 4308 5,
