3168 5124
355 511 430 594 444
562 506 784 574 VALERII
813 505 1021 574 MAXIMI
1058 507 1153 574 LlB.
1182 507 1248 576 Vl.

353 644 483 730 nescio;
499 665 576 710 narn
597 641 745 735 utrisque
763 665 856 735 oeque
872 637 1067 708 admirabile
1080 639 1167 708 inest
1184 639 1295 708 robur.
1307 640 1423 730 Quum

354 749 451 818 amici
472 746 644 842 cujusdam
665 748 793 842 injustae
815 746 979 842 rogationi
999 747 1184 832 resisteret,
1206 760 1305 841 atque
1320 748 1349 815 is
1363 771 1424 841 per

354 878 518 926 summam
534 851 792 948 indignationem
807 854 961 924 dixisset:
976 852 1178 948 Qru'dergo‚
1194 851 1331 948 inquit¹‚
1345 854 1428 922 milri

352 987 440 1058 opus
453 977 507 1030 est
524 966 679 1031 amicitia
695 977 774 1048 tua,
793 967 827 1032 si
839 961 936 1056 quod
948 985 1052 1057 rogo,
1069 960 1279 1054 nonfacis?
1290 984 1423 1054 respon-

354 1069 423 1156 dit,
438 1072 547 1138 Immo
561 1067 652 1162 ‘quid
663 1068 747 1138 midi
758 1083 837 1157 uso,
854 1074 888 1140 si
890 1084 1038 1164 propter
1050 1083 1085 1136 te
1102 1066 1239 1163 ultqru'd
1252 1067 1426 1137 inhoneste

342 1175 514 1266 factunm
536 1175 643 1244 sum?
664 1175 751 1245 Huic
772 1176 847 1244 voci
870 1189 1091 1246 consentanea
1113 1172 1169 1243 illa
1190 1197 1316 1270 opera,
1338 1173 1426 1268 quod

356 1283 459 1376 magis
474 1280 629 1350 ordinum
645 1281 847 1351 dissensione
855 1280 877 1370 ²,
893 1305 993 1378 quam
1009 1279 1077 1350 ulla
1094 1279 1193 1376 culpa
1211 1305 1271 1350 sua
1285 1305 1362 1350 reus
1380 1279 1426 1348 fa·

356 1403 446 1476 ctus,
463 1413 524 1458 nec
545 1386 728 1458 obsoletam
745 1403 872 1458 vestem
891 1387 1092 1476 induit,nec
1110 1389 1252 1482 insignia
1268 1387 1427 1458 senatoris

355 1494 523 1590 deposuit,
535 1519 597 1564 nec
613 1492 778 1592 supplices
794 1493 836 1564 ad
855 1518 963 1590 genua
973 1494 1123 1590 judicum
1138 1519 1258 1564 marrus
1272 1493 1427 1578 tetendit,

357 1626 420 1672 neo
434 1601 516 1670 dixit
536 1601 717 1696 quidquam
734 1599 909 1698 splendore
926 1602 1169 1697 praeteritorum
1185 1626 1354 1670 annorum
1367 1601 1427 1670 hu·

356 1707 487 1796 milius;
505 1707 698 1803 effecitque,
711 1722 749 1777 ut
765 1707 948 1804 periculum
959 1693 971 1732 ³
981 1733 1049 1778 non
1066 1707 1343 1802 impedimentum
1362 1731 1430 1803 gra·

358 1816 469 1885 vitatis
483 1813 553 1909 ejus
569 1828 674 1900 esset,
684 1814 742 1884 sed
762 1815 1042 1910 experimentum:
1056 1828 1154 1910 atque
1168 1815 1269 1884 etiam
1283 1839 1389 1909 quum
1401 1816 1431 1883 ei

358 1921 500 1991 reditum
519 1909 553 1989 in
572 1922 713 2016 patriam
730 1919 865 1990 Sullano
882 1923 1023 1990 victoria
1040 1935 1230 2016 praestaret,
1250 1922 1287 1990 in
1301 1921 1431 2008 exsilio,

360 2053 401 2098 ne
425 2027 506 2122 quid
533 2027 711 2098 adversum
739 2026 828 2167 leqes
850 2028 996 2116 faceret,
1015 2029 1195 2098 remansit:
1222 2043 1429 2124 quapropter

357 2137 549 2206 Felicitatis
575 2159 763 2230 cognomen
815 2135 934 2228 justius
965 2136 1038 2229 quis
1070 2135 1217 2204 moribus
1244 2137 1430 2230 gravissimi

358 2244 438 2330 viri,
457 2266 556 2336 quam
578 2243 769 2336 impotentis
791 2244 892 2312 annis
915 2243 1156 2338 assignaverit3
1182 2241 1273 2336 quod
1297 2243 1430 2337 quidem

357 2347 447 2418 Sulla
468 2351 598 2444 rapuit,
616 2347 759 2419 Rutilius
780 2349 911 2420 meruit.

415 2453 447 2526 5.
476 2457 523 2524 Μ.
548 2442 690 2524 Brutus⁵
713 2479 848 2524 suarum
871 2457 961 2552 prius
983 2459 1169 2546 virtutum,
1191 2479 1292 2551 quam
1314 2458 1429 2552 patriae

360 2563 507 2656 parentis
524 2560 710 2656 parricida,
726 2587 793 2633 uno
814 2565 902 2634 enim
922 2561 1011 2634 facto
1030 2578 1064 2633 et
1083 2563 1154 2634 illas
1172 2565 1207 2632 in
1225 2563 1426 2659 profundum

360 2775 473 2834 pretore
488 2783 536 2817 suo
555 2777 736 2832 consenserat,
750 2783 785 2818 ne
805 2765 871 2838 quid
914 2765 1086 2839 squalidam,
1101 2767 1224 2821 moeroris
1243 2764 1359 2819 indicem.
1378 2795 1418 2805 —

361 2857 467 2914 agerent
479 2844 614 2915 publicani
624 2845 653 2898 in
664 2845 802 2918 provincis
815 2865 870 2900 sna.
915 2845 1047 2918 Supplices.
1063 2843 1157 2900 Genus
1173 2859 1232 2900 tum
1246 2845 1351 2898 deorum
1361 2854 1421 2896 tum

362 2923 423 2988 Quo
436 2924 559 2994 cognito,
576 2925 677 2997 equites
692 2927 795 2979 romani
810 2945 871 2980 eum
916 2927 1071 2980 mortalium
1086 2926 1218 2999 supplices
1230 2927 1354 2997 attingere
1365 2942 1425 2976 mo-

362 3002 530 3058 damnnrunt.
539 3005 631 3070 Quum
645 3017 747 3066 sutem.
760 3019 820 3078 post
832 3007 872 3059 vi·
916 3007 953 3060 ris
967 3018 1031 3059 erat.
1048 3007 1081 3059 In
1094 3008 1215 3078 genubus
1229 3025 1335 3078 quoque
1349 3004 1429 3058 mise·

361 3084 471 3136 storiam
480 3085 558 3139 Sullae
566 3083 690 3138 adversus
699 3083 873 3152 Marium,re·
915 3084 1058 3140 ricordinm
1081 3087 1216 3157 ponebant
1231 3088 1351 3140 Veteres.
1361 3082 1431 3138 Vide

363 3161 422 3216 dire
436 3177 524 3234 posset
538 3165 565 3216 in
578 3165 704 3235 patriam,
720 3166 823 3230 noluit,
839 3185 874 3220 ue
916 3165 1053 3234 Plinium,
1066 3167 1121 3232 XI,
1137 3165 1182 3231 45.

362 3242 872 3315 quidadversuslegeslaceret-Prius.
959 3246 984 3300 3.
1012 3247 1159 3300 Ριτίειιίωη.
1181 3246 1339 3314 Acmsatio,
1359 3243 1431 3317 judi·

362 3323 499 3394 Exquisite
514 3325 668 3400 prophetis,
686 3323 759 3395 quod
778 3337 874 3395 proter
917 3327 1004 3392 cium,
1019 3339 1050 3379 ut
1065 3327 1159 3398 saepius
1175 3325 1301 3380 occurrit.

363 3421 420 3454 rem
435 3415 526 3458 contra
542 3423 633 3456 omnes
653 3403 735 3456 libros
751 3405 872 3458 Perizon.
959 3413 985 3470 4.
995 3406 1132 3458 Felicitatis
1140 3403 1432 3476 cognossemQuodges·

364 3483 481 3552 praelert.
918 3485 952 3537 sit
966 3485 1049 3539 Sulla.
1060 3488 1092 3538 ln
1104 3505 1160 3540 uno
1171 3484 1262 3540 oodice
1274 3485 1374 3556 legitur
1382 3485 1432 3538 Fe·

409 3581 433 3614 r.
445 3563 534 3632 Inquit.
547 3561 729 3634 superfluum,
739 3582 821 3634 quum
830 3583 876 3618 an·
919 3566 981 3626 licis,
991 3564 1063 3636 qnod
1077 3567 1186 3638 Pighius
1200 3565 1283 3618 etalii
1295 3577 1395 3618 temere
1404 3565 1432 3616 in

366 3639 468 3694 recedat
487 3659 494 3693 :
510 3642 616 3695 dixisset.
631 3675 672 3686 -
692 3645 808 3696 Amicitia
823 3657 873 3698 tuo.
919 3656 1019 3698 textum
1032 3659 1198 3718 receperunt.
1211 3645 1308 3698 Sensus
1321 3657 1433 3698 estmo-

365 3721 428 3774 Haec
439 3723 495 3788 lex,
510 3720 546 3774 ait
560 3723 670 3788 Cicero,
684 3723 806 3777 amicitias
816 3744 876 3778 san·
919 3743 1034 3795 gnomen
1057 3725 1189 3779 felicitatis
1209 3726 1304 3796 justius
1325 3723 1434 3777 daretur

365 3803 465 3868 riatur,
481 3813 511 3854 ut
526 3821 611 3872 neque
623 3821 747 3873 rogemus
762 3823 803 3858 res
819 3817 876 3858 tur·
919 3805 1040 3858 moribus
1050 3807 1144 3860 Rutilii
1154 3805 1200 3877 qui
1213 3817 1271 3858 erat
1280 3806 1323 3858 vir
1333 3804 1434 3876 granis·

366 3901 425 3951 pes,
438 3901 525 3954 neque
535 3883 619 3953 rogiti
633 3883 765 3936 iaciamus.
919 3885 1014 3952 simus,
1029 3905 1108 3958 quam
1123 3887 1203 3938 armis
1219 3884 1299 3938 Sullas
1313 3885 1434 3956 quierat

409 3979 434 4013 2.
457 3964 617 4015 Dissensione.
633 3964 702 4016 Nam
717 3962 751 4016 de
768 3963 891 4034 judiciis⁸
920 3965 962 4016 vir
972 3965 1111 4037 impotens.
1120 3964 1184 4018 Vid.
1194 3983 1274 4036 supra
1282 3963 1318 4019 de
1328 3965 1433 4028 Cassio,

366 4041 512 4094 senatorius
531 4041 598 4094 ordo
614 4056 639 4096 et
659 4039 787 4114 equestris·
805 4044 875 4098 inter
918 4045 1012 4106 111.1.

366 4139 393 4173 se
404 4118 573 4175 dissidebant.
583 4155 622 4165 -
632 4125 702 4176 Reus.
714 4124 874 4178 Publicano·
961 4125 986 4178 5,
1010 4125 1108 4178 linitus.
1128 4129 1178 4178 An.
1194 4127 1228 4178 U.
1245 4143 1310 4195 711.
1327 4125 1434 4178 Plutar-

366 4220 425 4254 rum
444 4202 646 4272 conspiratione.
664 4237 702 4245 —
726 4204 873 4258 Obsoletam.
918 4205 983 4258 chus
999 4205 1026 4258 in
1043 4207 1135 4258 Bruto.
1149 4239 1188 4248 -
1205 4207 1327 4258 Parentis.
1346 4206 1434 4259 css·-
