3190 5122
409 499 481 574 352
611 499 836 568 VALERII
871 497 1079 566 Mtxltttt
1112 497 1209 565 LIB.
1243 499 1286 566 V.

463 631 495 704 5.
518 635 599 700 Tam
625 629 736 700 hercle
759 629 989 724 probabiliter,
1016 653 1116 722 quarn
1138 630 1182 718 Q.
1207 629 1382 706 Terentius
1406 631 1481 698 Cu-

408 739 486 810 leo¹
517 741 670 834 praetoria
698 735 820 806 familia
849 751 969 822 natus,
998 749 1030 804 ct
1057 737 1143 804 inter
1172 759 1296 831 paucos
1323 741 1481 805 senatorii

408 848 531 917 ordinis
557 843 766 939 splendidus,
795 845 923 938 optimo
947 841 1100 937 exemplo
1125 842 1272 912 Africani
1299 845 1480 938 superioris

409 978 543 1024 currum
569 951 818 1046 triumphantis,
844 951 921 1044 quia
943 965 1060 1044 captus
1085 974 1105 1018 a
1133 949 1478 1044 Carthaginiensibus,
1586 981 1587 988 ¹

409 1062 451 1130 ab
466 1085 507 1129 eo
521 1060 629 1128 suerat
649 1071 878 1152 recuperatus,
892 1056 1015 1151 pileum
1038 1058 1145 1150 capite
1169 1081 1304 1150 gerens,
1318 1071 1479 1151 sequutus

408 1181 458 1238 est
473 1193 480 1236 ε
497 1165 625 1234 auctori
643 1166 730 1234 enim
750 1163 909 1232 libertatis
931 1189 1013 1246 sun,
1035 1178 1203 1258 tamquam
1227 1177 1370 1258 patrono
1379 1162 1402 1250 ²,
1419 1189 1476 1233 ac-

408 1276 495 1368 cepti
520 1271 669 1342 beneficii
696 1270 950 1359 consessionem,
980 1284 1149 1366 spectante
1171 1269 1296 1366 populo
1321 1293 1476 1356 romano,

408 1382 526 1450 merito
545 1377 698 1448 reddidit.

463 1486 496 1558 6.
515 1488 558 1556 At
572 1470 762 1554 Flaminini³
778 1485 819 1554 de
832 1483 985 1579 Philippo
1000 1509 1077 1580 rege
1094 1483 1329 1578 triumphantis
1341 1507 1476 1552 currum

408 1619 476 1662 non
489 1617 591 1676 unua,
606 1591 663 1660 sed
677 1591 744 1660 duo
759 1590 859 1660 millia
874 1593 997 1660 civium
1012 1615 1226 1662 romanorum
1241 1588 1363 1684 pilenta
1378 1593 1479 1660 comi·

409 1715 478 1768 tata
496 1713 592 1780 sunt3
613 1723 686 1792 quae
704 1700 730 1766 is
747 1685 893 1792 punicis⁴
912 1697 1005 1767 bellis
1025 1699 1225 1792 intercepta,
1243 1711 1278 1764 et
1295 1699 1330 1765 in
1348 1699 1477 1767 Graecia

410 1807 599 1890 servientia,
624 1829 703 1874 cura
728 1829 786 1874 sua
806 1803 958 1890 collecta,
980 1807 1015 1874 in
1033 1807 1208 1900 pristinum
1230 1803 1369 1898 gradum
1388 1807 1477 1872 resti·

410 1927 536 1982 tuerat:
557 1913 757 2007 geminatum
776 1937 815 1980 ea
828 1897 880 1980 re⁵
900 1913 1001 1981 decus
1017 1913 1243 2006 imperatoris,
1261 1935 1280 1978 a
1299 1935 1367 2004 quo
1381 1911 1475 1980 simul

410 2034 442 2088 et
455 2018 577 2088 devicti
593 2019 723 2104 hostes,
741 2034 775 2087 et
792 2021 978 2088 conservati
993 2020 1098 2105 cives,
1119 2016 1347 2112 spectaculum
1365 2019 1475 2112 patric

409 2125 638 2220 praebuerunt3
659 2125 789 2194 illorum
809 2151 940 2219 quoque
962 2125 1050 2194 salus
1067 2123 1242 2219 dupliciter
1257 2124 1414 2193 omnibus
1429 2149 1477 2192 ao

411 2247 506 2326 cepta
530 2233 609 2316 luit,
627 2246 661 2300 et
677 2234 754 2326 quia
772 2246 840 2300 tam
858 2230 967 2317 multi,
985 2245 1019 2300 et
1038 2233 1114 2325 quia
1132 2245 1201 2300 tam
1223 2233 1324 2325 grati,
1342 2245 1476 2325 exopta·

410 2355 479 2408 tum
502 2337 660 2406 libertatis
680 2353 802 2404 statum
823 2353 1113 2430 recuperaverunt.

464 2469 498 2538 7.
520 2442 675 2512 Metellus
692 2467 770 2510 vero
789 2427 886 2510 Pius⁶
906 2444 1067 2537 pertinaci
1081 2467 1160 2536 erga
1181 2440 1327 2510 exsulem
1349 2458 1476 2536 patrem

457 2672 480 2706 ι.
504 2652 537 2721 Q.
561 2653 683 2724 Tenntisn
706 2649 789 2704 Cales.
813 2651 862 2702 An.
885 2651 921 2703 U.
967 2651 1018 2704 tini
1037 2663 1063 2705 et
1079 2651 1271 2706 Cremonenses
1291 2651 1320 2704 in
1339 2651 1476 2722 triumpho

417 2731 483 2786 55².
499 2731 558 2784 Liv.
574 2732 668 2794 XXX,
687 2731 740 2796 (ὥς
758 2731 922 2796 XXXVIII,
967 2733 1018 2786 Cn.
1033 2731 1151 2784 Cornelii
1159 2749 1201 2804 ap.
1210 2731 1270 2784 Liv.
1281 2731 1415 2792 XXXIII,
1426 2732 1474 2794 34.

417 2813 619 2867 st-Ptteum.
632 2811 719 2862 Pileus
732 2811 836 2880 signum
850 2810 922 2862 tacto
1009 2818 1035 2874 I.
1059 2811 1122 2880 Qua
1137 2815 1157 2862 is
1171 2815 1275 2882 punicis
1294 2811 1398 2881 Pighius
1413 2809 1475 2862 edi·

414 2891 646 2954 mannmissionis,
662 2889 820 2962 donatisque
844 2889 923 2942 liber·
967 2889 1027 2944 dit:
1046 2910 1099 2960 qnoe
1111 2893 1223 2960 punicis,·
1246 2891 1338 2944 omisso
1357 2895 1386 2943 is.
1403 2891 1476 2942 Ante

416 2974 477 3026 tatis
496 2985 560 3024 erat.
582 2972 642 3023 Iam
663 2989 717 3022 non
737 2971 923 3023 manumiserat
967 2989 1029 3023 eum
1043 2971 1178 3040 legebatur
1194 2989 1200 3022 :
1214 2991 1268 3044 quoe
1281 2971 1317 3022 liis
1326 2973 1433 3041 punicis.
1450 2985 1475 3023 st

416 3052 521 3125 quidem
530 3051 618 3123 Scipio
625 3051 779 3115 Culeoneur,
786 3049 832 3102 sed
840 3051 924 3102 victo·
967 3051 1004 3102 sic
1019 3049 1074 3101 lere
1088 3050 1116 3102 in
1131 3049 1206 3102 MSS.
1223 3063 1320 3116 exstat,
1336 3051 1388 3102 nisi
1404 3050 1474 3121 quod

416 3133 463 3186 riis
479 3147 565 3186 tamen
578 3131 631 3184 suis
644 3132 756 3196 lecet-at,
770 3144 799 3182 ut
816 3131 923 3183 liberta·
967 3129 1088 3182 nonnulli
1102 3130 1202 3183 habent
1214 3131 1268 3182 biis.
1284 3128 1366 3182 Unde
1381 3131 1474 3182 Torre-

418 3225 472 3265 tem
495 3213 540 3264 ille
567 3225 758 3282 recuperaret:
784 3223 862 3280 atque
887 3210 924 3262 ita
968 3209 1027 3262 nius
1046 3209 1171 3282 conjicit,
1188 3210 1326 3262 Valerium
1344 3211 1475 3281 seripu‘sse

419 3291 488 3346 idem
507 3292 616 3344 effectus
632 3291 696 3354 luit,
717 3291 764 3360 qui
781 3290 924 3342 manumis·
968 3309 1021 3361 qnoe
1034 3293 1172 3360 ispanieis,
1187 3290 1247 3342 licet
1258 3291 1382 3346 voculam
1392 3294 1414 3342 ts
1423 3309 1473 3342 noo

418 3391 469 3441 pus.
968 3370 1098 3441 receperit
1107 3371 1135 3422 in
1147 3367 1314 3437 textum,sed
1323 3370 1474 3441 Pighimsm

461 3472 485 3504 s.
498 3453 628 3522 Tamquam
636 3459 749 3518 patrono.
758 3448 858 3500 Liberti
866 3467 924 3509 eos,
967 3449 1108 3502 lectionem
1130 3450 1282 3502 servaverit.
1306 3449 1408 3521 Saepius
1432 3451 1473 3500 tiis

419 3531 544 3600 aquibus
560 3527 712 3582 manumissi
731 3540 818 3591 eruut,
835 3541 925 3598 patro·
968 3548 1018 3600 pro
1037 3535 1079 3591 iis,
1097 3543 1123 3582 et
1137 3531 1174 3582 tte
1192 3549 1243 3602 pro
1258 3533 1279 3581 ts
1297 3530 1325 3582 in
1340 3529 1416 3583 MSS.
1431 3549 1474 3581 oo

417 3627 467 3662 nos
482 3611 618 3664 vocabant.
634 3606 697 3660 Vid.
715 3607 799 3660 Tacit.
817 3607 879 3660 hist.
895 3609 924 3668 1,
969 3609 1065 3674 currit,
1080 3607 1108 3661 id
1122 3609 1194 3681 quod
1211 3609 1336 3663 Torrcuii
1345 3611 1477 3679 conjectu·

422 3709 447 3741 ι.
462 3688 715 3760 culeo-Scipionem
727 3700 860 3758 tamquam
878 3707 925 3758 ps·
968 3695 1024 3740 ram
1035 3687 1111 3742 valde
1121 3690 1288 3761 probabilem
1298 3679 1394 3742 reddit.

418 3783 526 3821 tronum
548 3768 648 3832 coluit,
668 3769 730 3838 quia
750 3768 782 3820 ab
801 3786 832 3820 eo
854 3767 925 3822 hosti
1012 3769 1037 3822 ὅ.
1061 3769 1214 3822 Gemmatum
1229 3791 1258 3822 ea
1272 3791 1306 3824 re.
1323 3767 1405 3822 Aldus
1419 3766 1476 3821 edi·

418 3862 524 3920 ereptus
548 3867 577 3900 ac
596 3848 625 3900 in
643 3848 792 3902 libertatem
815 3861 926 3902 assertus
969 3847 1027 3900 dit:
1043 3853 1162 3918 ‘emim
1181 3871 1209 3902 ea
1233 3870 1278 3912 ης
1297 3849 1407 3921 Pighius
1427 3865 1476 3920 pro

416 3940 481 3982 erat.
970 3947 995 3980 ns
1010 3927 1084 3982 dedit
1096 3930 1142 3984 die.
1160 3931 1280 4002 Utraque
1293 3929 1374 3983 lectio
1387 3941 1476 3982 aucto·

461 4010 486 4060 3.
508 4008 546 4060 At
560 4007 708 4073 Flaminini,
725 4019 775 4062 etc.
793 4010 843 4062 An.
857 4009 924 4062 Urb.
968 4009 1046 4062 ritate
1058 4007 1136 4062 codd.
1150 4011 1250 4082 aliquot
1260 4011 1367 4063 nititur.

422 4087 554 4152 septim
566 4087 701 4154 XXXIV,
717 4088 763 4140 52.
776 4119 816 4130 -
829 4089 926 4140 Pileata
1010 4093 1036 4142 6.
1057 4091 1107 4142 An.
1121 4091 1155 4144 U.
1173 4091 1239 4160 673.
1250 4089 1305 4144 Cic.
1321 4107 1373 4163 pro
1387 4089 1473 4142 Plane.

419 4169 607 4218 comitaturum.
621 4165 696 4218 Idem
715 4167 800 4220 locere
817 4168 926 4220 Ploeen-
969 4170 1155 4235 xxrxffttn.
1169 4171 1239 4239 VII,
1249 4171 1302 4236 43,
1318 4177 1354 4234 44
1363 4188 1373 4235 3
1382 4168 1472 4222 Vellei.
