3190 5122
371 477 444 550 282
560 474 782 544 VALERII
814 474 1018 544 MAXIMI
1045 475 1140 544 LIB.
1169 475 1240 544 IV.

370 635 408 680 ea
427 608 509 678 urbe
526 607 620 676 Poeni
638 605 766 676 clausos
785 606 987 693 habuerant,
1004 609 1038 676 in
1057 631 1149 676 suam
1168 619 1365 702 potestatem
1382 633 1434 678 re·

370 717 529 812 degisset,
548 715 674 785 eximia
689 715 845 782 intereos
860 712 974 782 formae
987 715 1165 808 virginem,
1179 714 1283 782 aetatis
1298 713 1434 803 adultae,

317 901 320 906 ,
370 839 405 893 et
413 822 561 917 juvenis,
577 835 610 888 et
625 817 759 906 caelebs,
773 834 807 892 et
822 822 943 922 victor,
956 835 1132 915 postquam
1146 821 1309 914 comperit
1318 818 1435 890 illustri

369 928 446 999 loco
472 931 558 996 inter
577 925 761 996 Celtiberos
788 941 915 1014 natam,
942 926 1211 1021 nobilissimoque
1238 928 1346 1020 gentis
1365 928 1434 1021 ejus

370 1033 505 1106 Indibili
526 1034 772 1129 desponsatam,
799 1035 960 1102 arcessitis
981 1031 1171 1128 parentibus
1189 1048 1224 1102 et
1240 1058 1363 1127 sponso
1382 1036 1435 1101 in-

372 1141 530 1211 violatam
550 1140 700 1227 tradidit3
716 1163 835 1208 aurum
855 1164 1005 1234 quoque,
1023 1139 1113 1234 quod
1130 1165 1192 1234 pro
1210 1139 1435 1236 redemptione

371 1246 490 1344 puellae
504 1244 639 1316 allatum
653 1261 739 1330 erat,
751 1271 888 1315 summae
902 1246 988 1315 (lotis
1002 1246 1130 1342 adjecit.
1146 1248 1222 1334 Qua
1235 1247 1437 1319 continentia

372 1380 413 1424 ac
434 1351 660 1424 munificentia
681 1352 829 1438 Indibilis
848 1351 1029 1446 obligatus,
1046 1351 1287 1424 Celtiberorum
1311 1355 1437 1424 animos

372 1461 533 1532 Romanis
551 1459 765 1555 applicando,
777 1461 902 1528 meritis
916 1461 986 1553 ejus
998 1458 1144 1528 debitam
1161 1461 1300 1554 gratiam
1316 1458 1435 1528 retulit.

428 1593 460 1637 a.
480 1570 607 1638 Verum
635 1580 672 1635 ut
695 1566 794 1660 hujus
817 1566 878 1633 viri
906 1565 1128 1634 abstinentiae¹
1150 1569 1241 1636 testis
1265 1567 1436 1660 Hispania,

371 1675 419 1744 ita
441 1677 488 1742 M
515 1673 651 1742 Catonis
669 1673 806 1768 Epiros,
827 1671 968 1760 Achaia,
991 1670 1151 1767 Cyclades
1171 1671 1302 1760 insulae,
1320 1671 1434 1740 mariti·

375 1805 431 1851 ma
444 1805 521 1875 pars
539 1779 637 1865 Asiae,
656 1779 826 1873 provincia
841 1781 980 1872 Cypros.
994 1779 1093 1848 Unde
1107 1803 1209 1872 quum
1228 1779 1369 1873 pecuniae
1382 1775 1434 1844 de

374 1885 548 1983 portandae
570 1887 785 1954 ministerium
811 1888 1002 1971 sustineret,
1023 1897 1091 1954 tam
1115 1909 1267 1958 aversum
1293 1885 1437 1961 animum

375 1993 421 2062 ab
435 1993 525 2062 omni
533 1995 682 2080 Venere,
705 2017 804 2086 quam
819 2016 838 2060 a
854 1988 947 2060 lucro
967 1991 1100 2077 habuit,
1115 1992 1150 2060 iu
1164 1994 1305 2060 maxima
1323 1990 1438 2059 utrius·

376 2125 442 2196 que
460 2101 721 2194 intemperantiae
738 2113 886 2168 versatus
905 2096 1069 2166 materia².
1090 2099 1178 2168 Nam
1193 2113 1226 2166 et
1247 2098 1342 2194 regie
1362 2096 1439 2164 divi-

377 2192 449 2276 tiae³
476 2219 638 2301 potestate
659 2206 760 2298 ipsius
784 2203 1054 2290 continebantur,
1082 2217 1114 2272 et
1140 2203 1342 2273 fertilissimae
1367 2201 1439 2271 deli·

372 2314 499 2383 ciarum
524 2325 573 2379 tot
595 2312 732 2380 Graeciae
755 2311 872 2400 urbes,
896 2311 1084 2380 necessaria
1102 2312 1204 2380 totius
1224 2311 1440 2408 navigationis

375 2479 535 2549 gerebantur
547 2474 618 2547 apud
628 2477 769 2530 Romanos.
785 2507 825 2520 --
837 2478 866 2528 V
863 2481 884 2530 i·
928 2479 1042 2532 vinciam
1058 2476 1140 2542 dixit,
1155 2475 1229 2550 quod
1241 2477 1351 2549 proprie
1365 2478 1442 2530 Cato·

375 2557 558 2610 conviatoris
567 2557 723 2629 plerumque
734 2557 886 2610 incolentio·
927 2561 970 2614 uis
982 2560 1033 2612 fuit
1049 2559 1196 2630 provincia.

375 2655 417 2690 res
431 2636 570 2706 mnusque
586 2636 751 2690 continentes
767 2635 886 2690 reddidit
973 2657 998 2692 a.
1011 2639 1041 2692 In
1054 2645 1206 2692 maxima...
1217 2639 1326 2690 materia.
1341 2634 1375 2690 Id
1389 2649 1440 2702 est,

374 2715 611 2768 alios—ludibili.
623 2716 885 2785 Frontinus,II,1r,
929 2719 1051 2790 quamvis
1076 2718 1189 2770 maxima
1210 2717 1324 2770 habebat
1349 2717 1441 2769 incita-

376 2795 411 2860 6,
425 2814 486 2850 eum
505 2795 648 2850 Lucceium
663 2809 747 2850 vocat.
762 2795 886 2852 Indibilis
929 2811 1034 2862 merita,
1049 2809 1107 2850 tum
1121 2796 1154 2850 ad
1171 2797 1323 2861 aventium,
1335 2808 1393 2850 tum
1409 2793 1441 2848 ad

376 2876 443 2928 alius
458 2873 567 2947 quidam
582 2877 688 2947 regulus
705 2877 768 2942 luit,
785 2875 886 2950 dequo
930 2877 1080 2932 libidinem.

376 2955 436 3008 Liv.
450 2955 559 3008 XXVII
573 2968 599 3010 et
612 2957 742 3010 XXVIII.
974 2957 999 3010 3.
1021 2957 1105 3026 Regio
1126 2955 1225 3009 divitia.
1248 2955 1360 3008 Divitias
1379 2955 1441 3007 Pto·

419 3055 444 3089 ι.
466 3035 636 3088 Abstinentiae.
660 3036 825 3090 Abstinentia
844 3035 888 3090 hic
931 3037 1031 3100 lemaei‚
1042 3036 1110 3107 regis
1122 3035 1441 3107 Cypri,int'elligit,quas

375 3113 476 3187 duplici
495 3115 605 3168 notione
623 3128 757 3187 usurpata.
776 3116 843 3169 Nam
862 3129 889 3170 et
932 3117 1027 3170 Florus
1037 3153 1045 3180 ,
1055 3117 1091 3180 V,
1108 3135 1142 3184 9,
1155 3116 1275 3168 orarium
1290 3115 1382 3186 populi
1399 3133 1442 3167 ro·

373 3194 404 3246 in
419 3193 544 3266 Scipione
555 3195 741 3247 abstinentiam
755 3196 834 3248 fuisse
846 3195 888 3248 di·
932 3195 1003 3248 moui
1030 3195 1124 3256 latius,
1148 3213 1225 3266 quam
1245 3196 1329 3246 ullum
1348 3195 1442 3246 trium·

375 3274 427 3338 cit,
443 3271 516 3344 quod
537 3275 613 3326 alteri
629 3271 814 3344 desponsatam
833 3294 888 3327 non
931 3275 1031 3347 phum,
1042 3273 1190 3346 implevisse
1202 3275 1300 3327 scribit.
1310 3274 1442 3328 Caeterum

375 3353 480 3424 attigit3
505 3365 532 3405 et
556 3353 584 3404 in
610 3352 734 3418 Catone,
759 3352 831 3426 quod
857 3373 889 3406 ex
932 3353 1004 3426 quod
1013 3351 1084 3406 idem
1093 3350 1439 3424 populus,P.Clodioduce,

374 3431 491 3503 opibus,
514 3450 579 3503 quas
602 3431 694 3503 Cypro
711 3434 822 3487 Romam
842 3432 889 3486 de·
933 3434 996 3487 socii
1013 3433 1120 3504 vivique
1140 3433 1209 3504 regis
1229 3432 1441 3486 confiscationem

375 3512 503 3584 portavit,
524 3513 592 3565 nihil
613 3511 640 3564 in
659 3531 721 3565 suos
740 3533 803 3566 usus
825 3532 889 3568 oon·
933 3507 1085 3578 mandavit,
1101 3511 1136 3564 id·
1147 3513 1242 3566 Cicero
1258 3513 1355 3583 aliique
1371 3531 1440 3564 sum·

374 3593 464 3644 vertit.
480 3590 531 3643 An.
554 3591 621 3644 Urb.
644 3592 711 3660 695.
729 3623 769 3635 -
792 3593 889 3662 Epiros.
933 3611 1043 3664 mopere
1055 3592 1355 3664 improbarunt—Tot
1369 3591 1440 3646 Giu-

374 3666 518 3735 Quondam
535 3669 677 3736 Molossia‚
694 3669 790 3726 deinde
803 3671 890 3724 Chao·
934 3677 977 3726 σία
993 3672 1075 3724 ‚urben
1098 3672 1207 3742 Pighius
1227 3673 1331 3743 putavit
1348 3669 1440 3724 rescri-

374 3749 504 3820 nia,post
519 3747 632 3818 Epiros,
647 3751 753 3822 Pyrrho
767 3751 890 3804 clara.-
933 3750 1052 3804 bendum
1072 3764 1108 3802 tot
1127 3754 1231 3822 egregio
1260 3753 1341 3812 urbes,
1361 3769 1442 3823 quum

376 3826 496 3898 Cyclades
510 3829 890 3903 iusuloe.1nsuloe‚qureiuor-
933 3832 970 3884 ita
994 3832 1022 3884 in
1045 3829 1105 3885 cod.
1133 3831 1273 3903 Campensi
1293 3831 1440 3903 reperisset*

375 3907 437 3960 bem
459 3908 529 3962 circa
550 3908 648 3961 Delum
675 3911 732 3964 sitia
756 3923 826 3964 sunt.
852 3943 891 3958 -
934 3911 1443 3982 Lectvulgntaestproferenda.Erant

375 3984 462 4046 Λεία,
482 3990 615 4056 provincia.
640 3988 796 4044 Perizonius
817 3991 891 4044 malit
936 3992 1047 4044 enimet
1061 3991 1111 4044 illm
1123 3992 1262 4044 maritima
1275 3991 1386 4046 asiatico
1399 4008 1442 4041 ur·

375 4063 446 4118 Asia
454 4067 596 4132 provinces.
606 4066 679 4138 quod
688 4068 766 4124 codd.
776 4068 885 4140 quidam
935 4071 981 4123 bes
994 4087 1084 4141 greco
1099 4071 1139 4124 vel
1161 4071 1285 4139 Gracia
1301 4087 1444 4140 omnesque

375 4141 482 4200 habent.
500 4145 534 4196 At
550 4145 672 4201 Valerius
686 4149 805 4222 Cyprum
824 4167 886 4218 pro·
925 4151 1083 4216 fertilissima
1098 4151 1244 4206 deliciarum.
