3196 5122
314 540 419 610 CAP.
448 541 546 626 VII,
573 539 643 607 DE
677 539 903 608 FIDUCIA
938 539 1035 608 SUI.
1136 539 1210 612 233

136 675 263 743 iturum
279 697 313 742 se
327 670 494 768 pollicitus
508 687 578 760 est;
597 696 663 766 qua
677 671 811 766 quidem
826 671 950 742 fiducia'
962 670 1087 768 populo
1107 699 1213 744 roma·

136 807 184 849 no
203 779 315 850 salutis
335 805 375 850 ac
394 780 541 849 victoriae
558 803 652 874 spem
670 777 784 848 dedit:
803 778 985 874 eademque
1003 782 1037 848 in
1057 781 1127 876 ipsa
1147 783 1211 850 Hi-

136 888 255 982 spania
267 912 345 956 usus
358 901 425 973 est3
438 911 516 955 nam
530 911 634 981 quum
648 885 811 981 oppidum
823 885 977 955 Radiam¹
995 887 1213 957 circumsede-

135 1009 206 1082 ret,
229 993 374 1063 tribunal
391 1019 488 1062 suum
505 992 679 1079 adeuntes,
697 995 732 1061 in
750 993 875 1080 aedem,
894 1018 967 1088 quae
985 994 1070 1062 intra
1089 996 1212 1064 moenia

135 1101 285 1169 hostium
300 1115 386 1188 erat,
407 1100 596 1169 vadimonia
615 1101 650 1170 in
670 1113 841 1195 posterum
858 1099 948 1170 diem
969 1098 1077 1170 facere
1094 1102 1210 1194 jussit:

136 1209 365 1302 continuoque
383 1207 466 1276 urbe
487 1208 628 1302 potitus,
651 1221 686 1276 et
703 1222 854 1303 tempore
872 1222 906 1277 et
927 1205 1017 1295 loco,
1039 1233 1106 1302 quo
1126 1233 1210 1303 prae·

136 1313 289 1402 dixerat,
311 1313 390 1384 sella
408 1315 531 1408 posita,
548 1314 603 1406 jus
622 1316 667 1384 eis
686 1314 778 1383 dixit.
792 1313 885 1385 Nihil
899 1314 963 1383 hac
977 1313 1098 1387 fiducia
1112 1340 1209 1410 gene·

136 1422 264 1507 rosius,
279 1419 362 1490 nihil
377 1420 590 1516 praedictione
604 1421 732 1506 verius,
747 1419 828 1488 nihil
845 1419 1011 1490 celeritate
1028 1421 1210 1509 efficacius,

136 1526 222 1594 nihil
234 1529 332 1596 etiam
345 1527 507 1622 dignitate
520 1526 661 1620 dignius.
674 1527 746 1596 Nec
755 1527 865 1596 minus
877 1527 1046 1598 animosus
1060 1529 1210 1598 minusve

136 1633 337 1729 prosperus²
358 1633 444 1702 illius
462 1635 497 1701 in
517 1632 664 1702 Africam
679 1634 852 1722 transitus,
872 1635 906 1702 in
925 1659 1025 1728 quam
1044 1659 1085 1703 ex
1102 1635 1211 1704 Sicilia

137 1743 321 1810 exercitum
347 1754 462 1808 senatu
484 1753 618 1808 vetante
638 1739 800 1826 traduxit,
825 1742 920 1835 quia,
942 1742 1004 1810 nisi
1025 1739 1100 1835 plus
1118 1743 1153 1810 in
1172 1765 1211 1811 ea

137 1871 176 1915 re
195 1873 274 1934 suo,
296 1871 397 1941 quam
417 1860 551 1940 patrum
568 1848 834 1940 conscriptorum
849 1847 987 1916 consilio
1002 1847 1210 1932 credidisset,

138 1953 277 2022 secundi
293 1954 407 2047 punici
424 1951 502 2020 belli
515 1952 589 2021 finis
606 1954 760 2022 inventus
775 1979 843 2022 non
859 1968 952 2022 esset.
969 1955 1033 2024 Cui
1050 1953 1138 2024 facto
1151 1979 1232 2050 pare

139 2058 197 2126 illa
219 2059 362 2146 fiducia,
384 2059 492 2152 quod,
511 2073 688 2154 postquam
717 2059 863 2128 Africam
882 2061 1005 2155 attigit,
1022 2059 1211 2155 speculato-

141 2152 212 2233 res³
230 2164 424 2234 Hannibalis
437 2167 599 2236 incastris
613 2165 853 2262 deprehensos,
869 2167 956 2236 etad
970 2191 1005 2236 se
1016 2167 1211 2263 perductos,

140 2296 204 2341 nec
219 2271 383 2368 supplicio
401 2271 530 2360 affecit,
549 2297 611 2343 nec
629 2273 670 2342 de
684 2272 827 2344 consihis
841 2297 881 2343 ac
892 2273 1017 2343 viribus
1031 2276 1210 2344 Poenorum

138 2393 356 2473 percontatus
371 2393 438 2468 est,
459 2379 517 2449 sed
529 2381 616 2450 circa
631 2405 746 2450 omnes
762 2379 948 2476 manipulos
963 2379 1211 2476 diligentissime

138 2484 311 2556 ducendos
335 2488 481 2575 curavit,
506 2488 810 2582 interrogatosque,
836 2511 879 2556 an
900 2490 977 2558 satis
1000 2512 1039 2556 ea
1054 2487 1210 2558 conside-

137 2607 283 2681 rassent,
305 2617 380 2688 quae
395 2592 558 2689 speculari
569 2594 652 2687 jussi
665 2608 776 2682 erant,
794 2593 934 2690 prandio
951 2594 1030 2664 dato
1048 2595 1143 2690 ipsis,
1156 2595 1209 2688 ju-

137 2701 325 2794 mentisque
338 2725 471 2789 eorum,
484 2699 666 2771 incolumes
681 2700 813 2770 dimisit
832 2703 911 2792 Quo
926 2716 994 2770 tam
1010 2700 1110 2795 pleno
1125 2702 1210 2770 fidu·

138 2808 200 2875 ciae
221 2808 339 2902 spiritu
360 2809 452 2903 prius
474 2809 603 2878 animos
619 2807 781 2895 hostium,
799 2833 899 2902 quem
919 2831 1028 2894 arma,
1049 2808 1209 2876 contudit.

137 2915 268 2982 Verum
289 2927 327 2982 ut
344 2914 388 2982 ad
404 2914 586 2984 domestica
609 2916 736 2983 eximiae
760 2914 830 3008 ejus
851 2914 980 2984 fiduciae
1001 2928 1076 2982 acta
1093 2916 1210 2982 venia-

137 3044 232 3108 mus,
255 3045 394 3114 quuma
413 3023 453 3091 L.
472 3022 626 3116 Scipione
648 3045 689 3092 ex
702 3020 920 3092 Antiochensi
939 3006 1096 3114 pecunia⁴
1110 3022 1209 3090 H·S.

185 3251 210 3286 1.
231 3231 346 3286 Badiam.
368 3231 497 3286 Validam
519 3235 654 3306 Hispania
699 3232 856 3286 intercessit.
870 3233 974 3286 Veram
987 3232 1080 3287 Livius
1094 3244 1209 3286 nemete

138 3309 283 3384 oppidum.
298 3344 339 3355 -
353 3313 382 3364 V
379 3313 508 3366 odimonio.
523 3315 599 3367 Inter
611 3333 656 3367 va·
699 3332 754 3366 non
765 3312 880 3367 vetuisse
894 3326 1034 3379 senatum,
1050 3310 1097 3365 sed
1110 3312 1210 3384 permi-

137 3392 190 3445 dee
201 3402 228 3443 et
236 3409 377 3461 sponsores
386 3393 438 3445 boc
449 3407 488 3446 est
497 3391 654 3458 discrimen,
698 3393 784 3462 sisse,
799 3393 821 3445 si
836 3391 866 3446 id
880 3412 895 3446 e
910 3393 1046 3465 republica
1064 3389 1209 3446 videretur.

138 3469 217 3544 quod
228 3467 308 3524 vades
319 3472 435 3542 publici,
446 3491 587 3544 sponsores
599 3474 655 3546 pri·
739 3473 767 3526 3.
788 3473 962 3544 Speculatores.
983 3474 1057 3540 Quos
1077 3473 1211 3544 posterior

137 3551 197 3605 vati
214 3549 350 3604 dicuntur.
368 3552 539 3604 Vadimonium
561 3566 616 3618 est,
633 3555 655 3606 si
698 3565 760 3606 etas
775 3555 887 3607 barbare
898 3554 1038 3605 sedentem
1052 3551 1225 3624 appellarim*

138 3631 203 3704 quis
211 3649 262 3702 pro
273 3630 423 3697 altero,cui
437 3631 493 3686 dies
503 3631 656 3704 dicte,pol·
699 3646 730 3686 ut
749 3631 830 3686 docet
845 3632 968 3706 Cujacius
988 3632 1139 3686 Observatt.
1153 3633 1210 3696 v1,

137 3713 252 3776 licetur,
273 3711 350 3763 illum
373 3725 418 3764 aut
433 3731 460 3764 se
478 3713 505 3764 in
524 3710 655 3786 judicium
701 3713 747 3766 32.
765 3745 806 3756 -
820 3712 968 3784 Manipuios.
992 3713 1115 3777 Quorum
1133 3712 1209 3784 origo

137 3791 282 3863 publicum
297 3809 353 3844 esse
366 3803 517 3846 venturum.
699 3793 787 3846 statim
802 3794 835 3845 ab
851 3793 918 3845 urbe
931 3791 1054 3858 condita,
1073 3793 1157 3845 immo
1172 3793 1210 3844 al·

184 3891 210 3923 s.
227 3871 369 3942 Prosperae.
377 3869 457 3937 Quod
467 3872 584 3946 reperire
593 3873 656 3926 licet
699 3871 752 3925 tius
764 3871 917 3943 repetenda.

138 3952 222 4004 etiam
234 3951 263 4002 in
277 3949 408 4005 Cicerone
420 3950 454 4005 de
473 3953 586 4024 Republ.
601 3953 655 4018 VI,
742 3958 769 4014 4.
788 3951 946 4005 Antiochensi
962 3957 1074 4023 pecuum.
1089 3951 1210 4023 Expensa

138 4043 166 4084 et
181 4030 247 4083 Silio
261 4031 319 4084 Ital.
339 4031 373 4084 X.
387 4063 429 4075 -
442 4031 534 4086 Senatu
548 4044 653 4086 vetante.
699 4033 727 4085 in
736 4028 1210 4086 belloadversusAntiochum.-H·

138 4111 277 4176 Quoniam
293 4112 391 4165 Fabius
398 4111 470 4166 Max.
483 4110 585 4166 invidia
600 4113 654 4166 lor·
699 4112 726 4166 S.
735 4111 875 4164 sestertius
884 4126 922 4165 est
928 4111 1031 4166 denarii
1038 4125 1131 4184 quarta
1140 4129 1210 4184 pers,

139 4209 187 4243 san
198 4205 362 4254 commotus,
376 4191 509 4266 Scipionis
523 4193 654 4265 rogationi
700 4195 774 4264 cujus
786 4193 1011 4264 frequentissimus
1023 4193 1051 4246 in
1064 4192 1211 4247 rationibus
