<?xml version="1.0" encoding="UTF-8"?>
<!DOCTYPE html PUBLIC "-//W3C//DTD XHTML 1.0 Transitional//EN"
    "http://www.w3.org/TR/xhtml1/DTD/xhtml1-transitional.dtd">
<html xmlns="http://www.w3.org/1999/xhtml" xml:lang="en" lang="en">
 <head>
  <title>
</title>
<meta http-equiv="Content-Type" content="text/html;charset=utf-8" />
  <meta name='ocr-system' content='tesseract 3.04.00' />
  <meta name='ocr-capabilities' content='ocr_page ocr_carea ocr_par ocr_line ocrx_word'/>
</head>
<body>
  <div class='ocr_page' id='page_1' title='image "./valeriusmaximus01lykogoog_0294.png"; bbox 0 0 3196 5122; ppageno 0'>
   <div class='ocr_carea' id='block_1_1' title="bbox 357 497 1246 598">
    <p class='ocr_par' dir='ltr' id='par_1_1' title="bbox 357 497 1246 598">
     <span class='ocr_line' id='line_1_1' title="bbox 357 497 1246 598; baseline 0.001 -29"><span class='ocrx_word' id='word_1_1' title='bbox 357 500 461 570; x_wconf 83' lang='lat' dir='ltr'><strong>CAP.</strong></span> <span class='ocrx_word' id='word_1_2' title='bbox 496 501 531 581; x_wconf 89' lang='lat' dir='ltr'><strong>I,</strong></span> <span class='ocrx_word' id='word_1_3' title='bbox 566 499 634 566; x_wconf 84' lang='lat' dir='ltr'><strong>DE</strong></span> <span class='ocrx_word' id='word_1_4' title='bbox 667 497 1077 566; x_wconf 83' lang='lat' dir='ltr'><strong>MODERATIONE.</strong></span> <span class='ocrx_word' id='word_1_5' title='bbox 1175 499 1246 598; x_wconf 78' lang='lat'><strong>267</strong></span> 
     </span>
    </p>
   </div>
   <div class='ocr_carea' id='block_1_2' title="bbox 184 628 1250 837">
    <p class='ocr_par' dir='ltr' id='par_1_2' title="bbox 184 628 1250 837">
     <span class='ocr_line' id='line_1_2' title="bbox 185 628 1250 726; baseline -0.004 -20"><span class='ocrx_word' id='word_1_6' title='bbox 185 640 299 721; x_wconf 81' lang='lat' dir='ltr'><strong>Satis,</strong></span> <span class='ocrx_word' id='word_1_7' title='bbox 322 631 442 726; x_wconf 89' lang='lat' dir='ltr'><strong>inquit,</strong></span> <span class='ocrx_word' id='word_1_8' title='bbox 463 628 564 698; x_wconf 83' lang='lat' dir='ltr'><strong>bonae</strong></span> <span class='ocrx_word' id='word_1_9' title='bbox 581 653 626 698; x_wconf 87' lang='lat' dir='ltr'><strong>oc</strong></span> <span class='ocrx_word' id='word_1_10' title='bbox 644 653 784 724; x_wconf 70' lang='lat' dir='ltr'><strong>magnae</strong></span> <span class='ocrx_word' id='word_1_11' title='bbox 802 645 889 700; x_wconf 86' lang='lat' dir='ltr'><strong>sunt.</strong></span> <span class='ocrx_word' id='word_1_12' title='bbox 910 634 1036 724; x_wconf 80' lang='lat' dir='ltr'><strong>Itoqrre</strong></span> <span class='ocrx_word' id='word_1_13' title='bbox 1047 647 1190 726; x_wconf 81' lang='lat' dir='ltr'><strong><em>precor,</em></strong></span> <span class='ocrx_word' id='word_1_14' title='bbox 1213 651 1250 702; x_wconf 85' lang='grc' dir='ltr'><strong>ιιι</strong></span> 
     </span>
     <span class='ocr_line' id='line_1_3' title="bbox 184 738 1250 837; baseline -0.002 -25"><span class='ocrx_word' id='word_1_15' title='bbox 184 766 246 812; x_wconf 86' lang='lat' dir='ltr'><strong>eos</strong></span> <span class='ocrx_word' id='word_1_16' title='bbox 255 755 425 837; x_wconf 79' lang='lat' dir='ltr'><strong>perpetuo</strong></span> <span class='ocrx_word' id='word_1_17' title='bbox 446 738 630 806; x_wconf 77' lang='lat' dir='ltr'><em>incolumes</em></span> <span class='ocrx_word' id='word_1_18' title='bbox 649 753 788 806; x_wconf 83' lang='lat' dir='ltr'><strong>servent.</strong></span> <span class='ocrx_word' id='word_1_19' title='bbox 812 739 861 806; x_wconf 86' lang='lat' dir='ltr'><strong>Ac</strong></span> <span class='ocrx_word' id='word_1_20' title='bbox 883 739 1035 831; x_wconf 86' lang='lat' dir='ltr'><strong>protinus</strong></span> <span class='ocrx_word' id='word_1_21' title='bbox 1055 739 1089 806; x_wconf 93' lang='lat' dir='ltr'><strong>in</strong></span> <span class='ocrx_word' id='word_1_22' title='bbox 1109 738 1250 834; x_wconf 91' lang='lat' dir='ltr'><strong>publicis</strong></span> 
     </span>
    </p>
   </div>
   <div class='ocr_carea' id='block_1_3' title="bbox 183 842 1253 2751">
    <p class='ocr_par' dir='ltr' id='par_1_3' title="bbox 183 842 1253 2540">
     <span class='ocr_line' id='line_1_4' title="bbox 183 842 1250 937; baseline -0.003 -19"><span class='ocrx_word' id='word_1_23' title='bbox 183 847 302 918; x_wconf 90' lang='lat' dir='ltr'><strong>tabulis</strong></span> <span class='ocrx_word' id='word_1_24' title='bbox 328 845 370 914; x_wconf 85' lang='lat' dir='ltr'><strong>ad</strong></span> <span class='ocrx_word' id='word_1_25' title='bbox 394 845 484 914; x_wconf 91' lang='lat' dir='ltr'><strong>hunc</strong></span> <span class='ocrx_word' id='word_1_26' title='bbox 509 843 645 913; x_wconf 90' lang='lat' dir='ltr'><strong>modum</strong></span> <span class='ocrx_word' id='word_1_27' title='bbox 671 867 805 912; x_wconf 82' lang='lat' dir='ltr'><strong>carmen</strong></span> <span class='ocrx_word' id='word_1_28' title='bbox 829 842 1023 918; x_wconf 82' lang='lat' dir='ltr'><strong>emendare-¹</strong></span> <span class='ocrx_word' id='word_1_29' title='bbox 1044 844 1150 937; x_wconf 78' lang='lat' dir='ltr'><strong>jussit.</strong></span> <span class='ocrx_word' id='word_1_30' title='bbox 1173 847 1250 934; x_wconf 89' lang='lat' dir='ltr'><strong>Qua</strong></span> 
     </span>
     <span class='ocr_line' id='line_1_5' title="bbox 183 949 1250 1045; baseline 0 -23"><span class='ocrx_word' id='word_1_31' title='bbox 183 970 340 1024; x_wconf 84' lang='lat' dir='ltr'><strong>votorum</strong></span> <span class='ocrx_word' id='word_1_32' title='bbox 355 950 552 1020; x_wconf 88' lang='lat' dir='ltr'><strong>verecundia</strong></span> <span class='ocrx_word' id='word_1_33' title='bbox 567 950 724 1045; x_wconf 84' lang='lat' dir='ltr'><strong>deinceps</strong></span> <span class='ocrx_word' id='word_1_34' title='bbox 738 975 891 1020; x_wconf 80' lang='lat' dir='ltr'><strong>censores</strong></span> <span class='ocrx_word' id='word_1_35' title='bbox 905 951 938 1018; x_wconf 90' lang='lat' dir='ltr'><strong>in</strong></span> <span class='ocrx_word' id='word_1_36' title='bbox 950 949 1130 1022; x_wconf 81' lang='lat' dir='ltr'>condendis</span> <span class='ocrx_word' id='word_1_37' title='bbox 1140 951 1250 1023; x_wconf 88' lang='lat' dir='ltr'><strong>lustris</strong></span> 
     </span>
     <span class='ocr_line' id='line_1_6' title="bbox 183 1057 1250 1130; baseline 0 -1"><span class='ocrx_word' id='word_1_38' title='bbox 183 1063 234 1130; x_wconf 91' lang='lat' dir='ltr'><strong>usi</strong></span> <span class='ocrx_word' id='word_1_39' title='bbox 247 1075 334 1129; x_wconf 91' lang='lat' dir='ltr'><strong>sunt.</strong></span> <span class='ocrx_word' id='word_1_40' title='bbox 344 1057 529 1129; x_wconf 85' lang='lat' dir='ltr'><strong>Prudenter</strong></span> <span class='ocrx_word' id='word_1_41' title='bbox 545 1059 634 1128; x_wconf 91' lang='lat' dir='ltr'><strong>enirn</strong></span> <span class='ocrx_word' id='word_1_42' title='bbox 651 1058 751 1128; x_wconf 85' lang='lat' dir='ltr'><strong>sensit</strong></span> <span class='ocrx_word' id='word_1_43' title='bbox 767 1070 848 1126; x_wconf 92' lang='lat' dir='ltr'><strong>tunc</strong></span> <span class='ocrx_word' id='word_1_44' title='bbox 859 1057 1100 1128; x_wconf 86' lang='lat' dir='ltr'><strong>incrementum</strong></span> <span class='ocrx_word' id='word_1_45' title='bbox 1109 1083 1250 1129; x_wconf 91' lang='lat' dir='ltr'><strong>romano</strong></span> 
     </span>
     <span class='ocr_line' id='line_1_7' title="bbox 183 1163 1248 1262; baseline 0.001 -27"><span class='ocrx_word' id='word_1_46' title='bbox 183 1169 323 1262; x_wconf 82' lang='lat' dir='ltr'><strong>imperio</strong></span> <span class='ocrx_word' id='word_1_47' title='bbox 345 1164 523 1261; x_wconf 87' lang='lat' dir='ltr'><strong>petendum</strong></span> <span class='ocrx_word' id='word_1_48' title='bbox 548 1165 662 1252; x_wconf 82' lang='lat' dir='ltr'><strong>fuisse,</strong></span> <span class='ocrx_word' id='word_1_49' title='bbox 682 1187 786 1258; x_wconf 91' lang='lat' dir='ltr'><strong>quum</strong></span> <span class='ocrx_word' id='word_1_50' title='bbox 805 1164 891 1234; x_wconf 83' lang='lat' dir='ltr'><strong>intra</strong></span> <span class='ocrx_word' id='word_1_51' title='bbox 911 1164 1088 1258; x_wconf 87' lang='lat' dir='ltr'><strong>septimum</strong></span> <span class='ocrx_word' id='word_1_52' title='bbox 1107 1163 1248 1259; x_wconf 79' lang='lat' dir='ltr'><strong>lapidem</strong></span> 
     </span>
     <span class='ocr_line' id='line_1_8' title="bbox 184 1269 1249 1368; baseline -0.001 -27"><span class='ocrx_word' id='word_1_53' title='bbox 184 1273 345 1368; x_wconf 90' lang='lat' dir='ltr'><strong>triumphi</strong></span> <span class='ocrx_word' id='word_1_54' title='bbox 367 1269 634 1366; x_wconf 45' lang='lat' dir='ltr'><strong>querebantur&amp;</strong></span> <span class='ocrx_word' id='word_1_55' title='bbox 655 1271 814 1363; x_wconf 89' lang='lat' dir='ltr'><strong>majorem</strong></span> <span class='ocrx_word' id='word_1_56' title='bbox 836 1284 946 1338; x_wconf 87' lang='lat' dir='ltr'><strong>autern</strong></span> <span class='ocrx_word' id='word_1_57' title='bbox 966 1271 1068 1340; x_wconf 87' lang='lat' dir='ltr'><strong>totius</strong></span> <span class='ocrx_word' id='word_1_58' title='bbox 1085 1285 1249 1340; x_wconf 84' lang='lat' dir='ltr'><strong>terrarum</strong></span> 
     </span>
     <span class='ocr_line' id='line_1_9' title="bbox 185 1362 1250 1474; baseline -0.002 -26"><span class='ocrx_word' id='word_1_59' title='bbox 185 1380 274 1450; x_wconf 89' lang='lat' dir='ltr'><strong>orbis</strong></span> <span class='ocrx_word' id='word_1_60' title='bbox 291 1395 418 1474; x_wconf 85' lang='lat' dir='ltr'><strong>partem</strong></span> <span class='ocrx_word' id='word_1_61' title='bbox 436 1378 632 1473; x_wconf 84' lang='lat' dir='ltr'><strong>possidenti,</strong></span> <span class='ocrx_word' id='word_1_62' title='bbox 654 1391 693 1446; x_wconf 85' lang='lat' dir='ltr'><strong>ut</strong></span> <span class='ocrx_word' id='word_1_63' title='bbox 707 1375 841 1446; x_wconf 82' lang='lat' dir='ltr'><strong>avidum</strong></span> <span class='ocrx_word' id='word_1_64' title='bbox 856 1362 959 1446; x_wconf 80' lang='lat' dir='ltr'><strong>esset³</strong></span> <span class='ocrx_word' id='word_1_65' title='bbox 971 1375 1150 1470; x_wconf 86' lang='lat' dir='ltr'><strong>quidquam</strong></span> <span class='ocrx_word' id='word_1_66' title='bbox 1162 1377 1250 1447; x_wconf 89' lang='lat' dir='ltr'><strong>ultra</strong></span> 
     </span>
     <span class='ocr_line' id='line_1_10' title="bbox 185 1481 1251 1582; baseline -0.001 -28"><span class='ocrx_word' id='word_1_67' title='bbox 185 1502 356 1582; x_wconf 85' lang='lat' dir='ltr'><strong>appetere,</strong></span> <span class='ocrx_word' id='word_1_68' title='bbox 377 1488 423 1554; x_wconf 88' lang='lat' dir='ltr'><strong>ita</strong></span> <span class='ocrx_word' id='word_1_69' title='bbox 440 1484 572 1554; x_wconf 86' lang='lat' dir='ltr'><strong>abunde</strong></span> <span class='ocrx_word' id='word_1_70' title='bbox 588 1482 679 1566; x_wconf 88' lang='lat' dir='ltr'><strong>selix,</strong></span> <span class='ocrx_word' id='word_1_71' title='bbox 694 1483 721 1551; x_wconf 90' lang='lat' dir='ltr'><strong>si</strong></span> <span class='ocrx_word' id='word_1_72' title='bbox 739 1481 819 1551; x_wconf 91' lang='lat' dir='ltr'><strong>nihil</strong></span> <span class='ocrx_word' id='word_1_73' title='bbox 834 1507 875 1552; x_wconf 81' lang='lat' dir='ltr'><strong>ex</strong></span> <span class='ocrx_word' id='word_1_74' title='bbox 889 1508 945 1570; x_wconf 89' lang='lat' dir='ltr'><strong>eo,</strong></span> <span class='ocrx_word' id='word_1_75' title='bbox 961 1483 1051 1577; x_wconf 93' lang='lat' dir='ltr'><strong>quod</strong></span> <span class='ocrx_word' id='word_1_76' title='bbox 1065 1483 1251 1570; x_wconf 82' lang='lat' dir='ltr'><strong>obtinebat,</strong></span> 
     </span>
     <span class='ocr_line' id='line_1_11' title="bbox 184 1589 1251 1684; baseline -0.004 -22"><span class='ocrx_word' id='word_1_77' title='bbox 184 1595 360 1662; x_wconf 86' lang='lat' dir='ltr'><strong>amitteret.</strong></span> <span class='ocrx_word' id='word_1_78' title='bbox 386 1594 504 1684; x_wconf 89' lang='lat' dir='ltr'><strong>Neque</strong></span> <span class='ocrx_word' id='word_1_79' title='bbox 523 1589 586 1658; x_wconf 89' lang='lat' dir='ltr'><strong>alia</strong></span> <span class='ocrx_word' id='word_1_80' title='bbox 603 1589 674 1682; x_wconf 87' lang='lat' dir='ltr'><strong>ejus</strong></span> <span class='ocrx_word' id='word_1_81' title='bbox 694 1589 885 1660; x_wconf 80' lang='lat' dir='ltr'><strong>incensum</strong></span> <span class='ocrx_word' id='word_1_82' title='bbox 906 1589 1091 1660; x_wconf 78' lang='lat' dir='ltr'><strong>moderatio</strong></span> <span class='ocrx_word' id='word_1_83' title='bbox 1110 1615 1173 1684; x_wconf 94' lang='lat' dir='ltr'><strong>pro</strong></span> <span class='ocrx_word' id='word_1_84' title='bbox 1195 1591 1251 1659; x_wconf 90' lang='lat' dir='ltr'><strong>tri-</strong></span> 
     </span>
     <span class='ocr_line' id='line_1_12' title="bbox 184 1682 1253 1793; baseline 0 -27"><span class='ocrx_word' id='word_1_85' title='bbox 184 1698 297 1768; x_wconf 84' lang='lat' dir='ltr'><strong>bunali</strong></span> <span class='ocrx_word' id='word_1_86' title='bbox 318 1683 498 1793; x_wconf 80' lang='lat' dir='ltr'><strong>apparuit⁴.</strong></span> <span class='ocrx_word' id='word_1_87' title='bbox 519 1697 693 1766; x_wconf 89' lang='lat' dir='ltr'><strong>Centurias</strong></span> <span class='ocrx_word' id='word_1_88' title='bbox 712 1721 953 1790; x_wconf 83' lang='lat' dir='ltr'><strong>recognoscens</strong></span> <span class='ocrx_word' id='word_1_89' title='bbox 970 1682 1148 1791; x_wconf 87' lang='lat' dir='ltr'><strong>equitum⁵‚</strong></span> <span class='ocrx_word' id='word_1_90' title='bbox 1168 1711 1253 1790; x_wconf 90' lang='lat' dir='ltr'><strong>post·</strong></span> 
     </span>
     <span class='ocr_line' id='line_1_13' title="bbox 184 1801 1253 1898; baseline 0 -26"><span class='ocrx_word' id='word_1_91' title='bbox 184 1829 285 1898; x_wconf 91' lang='lat' dir='ltr'><strong>quam</strong></span> <span class='ocrx_word' id='word_1_92' title='bbox 297 1807 337 1875; x_wconf 89' lang='lat' dir='ltr'><strong>C.</strong></span> <span class='ocrx_word' id='word_1_93' title='bbox 351 1804 515 1873; x_wconf 90' lang='lat' dir='ltr'><strong>Licinium</strong></span> <span class='ocrx_word' id='word_1_94' title='bbox 527 1801 739 1872; x_wconf 80' lang='lat' dir='ltr'><strong>Sacerdotem</strong></span> <span class='ocrx_word' id='word_1_95' title='bbox 748 1804 886 1872; x_wconf 83' lang='lat' dir='ltr'><strong>citatum</strong></span> <span class='ocrx_word' id='word_1_96' title='bbox 896 1805 1093 1897; x_wconf 82' lang='lat' dir='ltr'><strong>processisse</strong></span> <span class='ocrx_word' id='word_1_97' title='bbox 1107 1803 1253 1872; x_wconf 84' lang='lat' dir='ltr'><strong>animad-</strong></span> 
     </span>
     <span class='ocr_line' id='line_1_14' title="bbox 185 1907 1250 2005; baseline 0.002 -29"><span class='ocrx_word' id='word_1_98' title='bbox 185 1912 302 1998; x_wconf 83' lang='lat' dir='ltr'><strong>vertit,</strong></span> <span class='ocrx_word' id='word_1_99' title='bbox 327 1910 408 1978; x_wconf 87' lang='lat' dir='ltr'><strong>dixit</strong></span> <span class='ocrx_word' id='word_1_100' title='bbox 438 1933 499 1978; x_wconf 79' lang='lat' dir='ltr'><strong>«se</strong></span> <span class='ocrx_word' id='word_1_101' title='bbox 525 1911 608 1979; x_wconf 90' lang='lat' dir='ltr'><strong>scire</strong></span> <span class='ocrx_word' id='word_1_102' title='bbox 634 1907 727 1978; x_wconf 89' lang='lat' dir='ltr'><strong>illum</strong></span> <span class='ocrx_word' id='word_1_103' title='bbox 748 1909 858 1978; x_wconf 87' lang='lat' dir='ltr'><strong>verbis</strong></span> <span class='ocrx_word' id='word_1_104' title='bbox 883 1911 1052 2005; x_wconf 88' lang='lat' dir='ltr'><strong>conceptis</strong></span> <span class='ocrx_word' id='word_1_105' title='bbox 1078 1911 1250 2005; x_wconf 87' lang='lat' dir='ltr'><strong>pejerasse.</strong></span> 
     </span>
     <span class='ocr_line' id='line_1_15' title="bbox 186 2014 1252 2109; baseline 0.001 -24"><span class='ocrx_word' id='word_1_106' title='bbox 186 2016 329 2085; x_wconf 87' lang='lat' dir='ltr'><strong>Proinde</strong></span> <span class='ocrx_word' id='word_1_107' title='bbox 350 2019 377 2085; x_wconf 92' lang='lat' dir='ltr'><strong>si</strong></span> <span class='ocrx_word' id='word_1_108' title='bbox 396 2017 563 2109; x_wconf 83' lang='lat' dir='ltr'><strong>quiscum</strong></span> <span class='ocrx_word' id='word_1_109' title='bbox 585 2037 743 2086; x_wconf 87' lang='lat' dir='ltr'><strong>accusare</strong></span> <span class='ocrx_word' id='word_1_110' title='bbox 762 2014 876 2104; x_wconf 81' lang='lat' dir='ltr'><strong>vellet,</strong></span> <span class='ocrx_word' id='word_1_111' title='bbox 903 2041 1041 2088; x_wconf 89' lang='lat' dir='ltr'><strong>usurum</strong></span> <span class='ocrx_word' id='word_1_112' title='bbox 1063 2018 1252 2086; x_wconf 89' lang='lat' dir='ltr'><strong>testimonio</strong></span> 
     </span>
     <span class='ocr_line' id='line_1_16' title="bbox 187 2121 1252 2217; baseline 0.002 -27"><span class='ocrx_word' id='word_1_113' title='bbox 187 2147 285 2191; x_wconf 75' lang='lat' dir='ltr'><strong>suo.»</strong></span> <span class='ocrx_word' id='word_1_114' title='bbox 319 2123 384 2192; x_wconf 86' lang='lat' dir='ltr'><strong>Sed</strong></span> <span class='ocrx_word' id='word_1_115' title='bbox 413 2121 504 2192; x_wconf 92' lang='lat' dir='ltr'><strong>nullo</strong></span> <span class='ocrx_word' id='word_1_116' title='bbox 531 2123 573 2192; x_wconf 82' lang='lat' dir='ltr'><strong>ed</strong></span> <span class='ocrx_word' id='word_1_117' title='bbox 604 2123 637 2192; x_wconf 93' lang='lat' dir='ltr'><strong>id</strong></span> <span class='ocrx_word' id='word_1_118' title='bbox 666 2123 836 2217; x_wconf 84' lang='lat' dir='ltr'><strong>negotium</strong></span> <span class='ocrx_word' id='word_1_119' title='bbox 866 2122 1060 2210; x_wconf 82' lang='lat' dir='ltr'><strong>accedente,</strong></span> <span class='ocrx_word' id='word_1_120' title='bbox 1093 2124 1252 2192; x_wconf 79' lang='lat' dir='ltr'><strong>«Traduc</strong></span> 
     </span>
     <span class='ocr_line' id='line_1_17' title="bbox 186 2215 1251 2324; baseline 0.004 -28"><span class='ocrx_word' id='word_1_121' title='bbox 186 2253 325 2322; x_wconf 88' lang='lat' dir='ltr'><strong>equum,</strong></span> <span class='ocrx_word' id='word_1_122' title='bbox 348 2231 471 2324; x_wconf 90' lang='lat' dir='ltr'><strong>inquit,</strong></span> <span class='ocrx_word' id='word_1_123' title='bbox 491 2229 670 2318; x_wconf 83' lang='lat' dir='ltr'><strong>Sacerdos,</strong></span> <span class='ocrx_word' id='word_1_124' title='bbox 689 2255 728 2299; x_wconf 87' lang='lat' dir='ltr'><strong>no</strong></span> <span class='ocrx_word' id='word_1_125' title='bbox 747 2215 900 2300; x_wconf 81' lang='lat' dir='ltr'><strong>lucrifac⁶</strong></span> <span class='ocrx_word' id='word_1_126' title='bbox 918 2231 1101 2300; x_wconf 86' lang='lat' dir='ltr'><strong>censoriam</strong></span> <span class='ocrx_word' id='word_1_127' title='bbox 1119 2245 1251 2318; x_wconf 86' lang='lat' dir='ltr'><strong>notam;</strong></span> 
     </span>
     <span class='ocr_line' id='line_1_18' title="bbox 185 2337 1251 2432; baseline 0.005 -31"><span class='ocrx_word' id='word_1_128' title='bbox 185 2359 228 2402; x_wconf 92' lang='lat' dir='ltr'><strong>ne</strong></span> <span class='ocrx_word' id='word_1_129' title='bbox 249 2361 312 2431; x_wconf 84' lang='lat' dir='ltr'><strong>ego</strong></span> <span class='ocrx_word' id='word_1_130' title='bbox 327 2338 361 2404; x_wconf 91' lang='lat' dir='ltr'><strong>in</strong></span> <span class='ocrx_word' id='word_1_131' title='bbox 379 2351 437 2406; x_wconf 87' lang='lat' dir='ltr'><strong>tua</strong></span> <span class='ocrx_word' id='word_1_132' title='bbox 455 2361 615 2432; x_wconf 83' lang='lat' dir='ltr'><strong>persona,</strong></span> <span class='ocrx_word' id='word_1_133' title='bbox 632 2351 666 2404; x_wconf 87' lang='lat' dir='ltr'><strong>et</strong></span> <span class='ocrx_word' id='word_1_134' title='bbox 681 2337 896 2424; x_wconf 86' lang='lat' dir='ltr'><strong>accusatoris,</strong></span> <span class='ocrx_word' id='word_1_135' title='bbox 911 2351 946 2406; x_wconf 84' lang='lat' dir='ltr'><strong>et</strong></span> <span class='ocrx_word' id='word_1_136' title='bbox 957 2339 1064 2427; x_wconf 88' lang='lat' dir='ltr'><strong>testis,</strong></span> <span class='ocrx_word' id='word_1_137' title='bbox 1082 2352 1116 2408; x_wconf 87' lang='lat' dir='ltr'><strong>et</strong></span> <span class='ocrx_word' id='word_1_138' title='bbox 1129 2337 1251 2431; x_wconf 90' lang='lat' dir='ltr'><strong>judicis</strong></span> 
     </span>
     <span class='ocr_line' id='line_1_19' title="bbox 183 2443 592 2540; baseline 0 -31"><span class='ocrx_word' id='word_1_139' title='bbox 183 2457 295 2535; x_wconf 84' lang='lat' dir='ltr'><strong>partes</strong></span> <span class='ocrx_word' id='word_1_140' title='bbox 313 2444 417 2540; x_wconf 79' lang='lat' dir='ltr'><strong>egisse</strong></span> <span class='ocrx_word' id='word_1_141' title='bbox 437 2443 592 2512; x_wconf 78' lang='lat' dir='ltr'><strong>videar.»</strong></span> 
     </span>
    </p>

    <p class='ocr_par' dir='ltr' id='par_1_4' title="bbox 185 2547 1251 2751">
     <span class='ocr_line' id='line_1_20' title="bbox 244 2547 1251 2645; baseline 0 -27"><span class='ocrx_word' id='word_1_142' title='bbox 244 2573 298 2618; x_wconf 89' lang='lat'><strong>11.</strong></span> <span class='ocrx_word' id='word_1_143' title='bbox 316 2550 418 2639; x_wconf 89' lang='lat' dir='ltr'><strong>Quod</strong></span> <span class='ocrx_word' id='word_1_144' title='bbox 432 2552 534 2619; x_wconf 88' lang='lat' dir='ltr'><strong>animi</strong></span> <span class='ocrx_word' id='word_1_145' title='bbox 550 2563 848 2645; x_wconf 81' lang='lat' dir='ltr'><strong>temperamentum</strong></span> <span class='ocrx_word' id='word_1_146' title='bbox 866 2552 965 2620; x_wconf 84' lang='lat' dir='ltr'><strong>etiarn</strong></span> <span class='ocrx_word' id='word_1_147' title='bbox 980 2552 1015 2620; x_wconf 91' lang='lat' dir='ltr'><strong>in</strong></span> <span class='ocrx_word' id='word_1_148' title='bbox 1030 2551 1072 2639; x_wconf 90' lang='lat' dir='ltr'><strong>Q.</strong></span> <span class='ocrx_word' id='word_1_149' title='bbox 1085 2547 1251 2636; x_wconf 78' lang='lat' dir='ltr'><strong>Scnvole,</strong></span> 
     </span>
     <span class='ocr_line' id='line_1_21' title="bbox 185 2655 1250 2751; baseline 0 -29"><span class='ocrx_word' id='word_1_150' title='bbox 185 2655 455 2726; x_wconf 84' lang='lat' dir='ltr'><strong>excellentissimo</strong></span> <span class='ocrx_word' id='word_1_151' title='bbox 466 2659 554 2745; x_wconf 88' lang='lat' dir='ltr'><strong>viro,</strong></span> <span class='ocrx_word' id='word_1_152' title='bbox 568 2656 761 2726; x_wconf 79' lang='lat' dir='ltr'><strong>adnotamm</strong></span> <span class='ocrx_word' id='word_1_153' title='bbox 771 2671 829 2726; x_wconf 89' lang='lat' dir='ltr'><strong>est.</strong></span> <span class='ocrx_word' id='word_1_154' title='bbox 840 2659 945 2726; x_wconf 90' lang='lat' dir='ltr'><strong>Testis</strong></span> <span class='ocrx_word' id='word_1_155' title='bbox 956 2681 1100 2751; x_wconf 77' lang='lat' dir='ltr'><strong>namque</strong></span> <span class='ocrx_word' id='word_1_156' title='bbox 1111 2659 1146 2726; x_wconf 93' lang='lat' dir='ltr'><strong>in</strong></span> <span class='ocrx_word' id='word_1_157' title='bbox 1157 2681 1250 2724; x_wconf 89' lang='lat' dir='ltr'><strong>reum</strong></span> 
     </span>
    </p>
   </div>
   <div class='ocr_carea' id='block_1_4' title="bbox 184 2837 1249 4268">
    <p class='ocr_par' dir='ltr' id='par_1_5' title="bbox 184 2837 1249 3312">
     <span class='ocr_line' id='line_1_22' title="bbox 228 2837 1249 2910; baseline -0.002 -16"><span class='ocrx_word' id='word_1_158' title='bbox 228 2859 253 2894; x_wconf 89' lang='lat'><strong>1.</strong></span> <span class='ocrx_word' id='word_1_159' title='bbox 279 2843 422 2896; x_wconf 78' lang='lat' dir='ltr'><strong>Emendare.</strong></span> <span class='ocrx_word' id='word_1_160' title='bbox 449 2841 493 2894; x_wconf 87' lang='lat' dir='ltr'><strong>Sic</strong></span> <span class='ocrx_word' id='word_1_161' title='bbox 517 2841 642 2896; x_wconf 79' lang='lat' dir='ltr'><strong>vorstius</strong></span> <span class='ocrx_word' id='word_1_162' title='bbox 669 2853 695 2893; x_wconf 90' lang='lat' dir='ltr'><strong>et</strong></span> <span class='ocrx_word' id='word_1_163' title='bbox 738 2851 821 2892; x_wconf 82' lang='lat' dir='ltr'><strong>exstet</strong></span> <span class='ocrx_word' id='word_1_164' title='bbox 839 2859 903 2901; x_wconf 80' lang='lat' dir='ltr'><strong>esse,</strong></span> <span class='ocrx_word' id='word_1_165' title='bbox 921 2837 996 2910; x_wconf 87' lang='lat' dir='ltr'><strong>quod</strong></span> <span class='ocrx_word' id='word_1_166' title='bbox 1015 2841 1160 2910; x_wconf 72' lang='lat' dir='ltr'><strong>proferunt</strong></span> <span class='ocrx_word' id='word_1_167' title='bbox 1179 2839 1249 2892; x_wconf 89' lang='lat' dir='ltr'><strong>Gro-</strong></span> 
     </span>
     <span class='ocr_line' id='line_1_23' title="bbox 184 2919 1249 2991; baseline 0 -19"><span class='ocrx_word' id='word_1_168' title='bbox 184 2919 329 2974; x_wconf 86' lang='lat' dir='ltr'><strong>Torrenius</strong></span> <span class='ocrx_word' id='word_1_169' title='bbox 337 2920 492 2989; x_wconf 86' lang='lat' dir='ltr'><strong>ediderunt,</strong></span> <span class='ocrx_word' id='word_1_170' title='bbox 505 2921 578 2974; x_wconf 83' lang='lat' dir='ltr'><strong>nulle</strong></span> <span class='ocrx_word' id='word_1_171' title='bbox 587 2920 616 2973; x_wconf 88' lang='lat' dir='ltr'><strong>in</strong></span> <span class='ocrx_word' id='word_1_172' title='bbox 624 2919 695 2974; x_wconf 87' lang='lat' dir='ltr'><strong>notis</strong></span> <span class='ocrx_word' id='word_1_173' title='bbox 738 2919 835 2972; x_wconf 84' lang='lat' dir='ltr'><strong>novius</strong></span> <span class='ocrx_word' id='word_1_174' title='bbox 848 2931 874 2971; x_wconf 90' lang='lat' dir='ltr'><strong>et</strong></span> <span class='ocrx_word' id='word_1_175' title='bbox 890 2919 1054 2972; x_wconf 81' lang='lat' dir='ltr'><strong>Perizonius.</strong></span> <span class='ocrx_word' id='word_1_176' title='bbox 1070 2921 1144 2974; x_wconf 77' lang='lat' dir='ltr'><strong>Esset</strong></span> <span class='ocrx_word' id='word_1_177' title='bbox 1154 2937 1169 2971; x_wconf 85' lang='lat' dir='ltr'><strong>a</strong></span> <span class='ocrx_word' id='word_1_178' title='bbox 1181 2937 1249 2991; x_wconf 78' lang='lat' dir='ltr'><strong>pras·</strong></span> 
     </span>
     <span class='ocr_line' id='line_1_24' title="bbox 185 2997 1182 3074; baseline -0.001 -20"><span class='ocrx_word' id='word_1_179' title='bbox 185 2999 289 3054; x_wconf 81' lang='lat' dir='ltr'><strong>reddita</strong></span> <span class='ocrx_word' id='word_1_180' title='bbox 303 3003 423 3066; x_wconf 85' lang='lat' dir='ltr'><strong>ratione,</strong></span> <span class='ocrx_word' id='word_1_181' title='bbox 436 3001 556 3074; x_wconf 79' lang='lat' dir='ltr'><strong>quamvis</strong></span> <span class='ocrx_word' id='word_1_182' title='bbox 567 3001 649 3072; x_wconf 74' lang='lat' dir='ltr'><strong>vulgo</strong></span> <span class='ocrx_word' id='word_1_183' title='bbox 660 3000 697 3053; x_wconf 88' lang='lat' dir='ltr'><strong>le·</strong></span> <span class='ocrx_word' id='word_1_184' title='bbox 738 2997 850 3052; x_wconf 82' lang='lat' dir='ltr'><strong>cedente</strong></span> <span class='ocrx_word' id='word_1_185' title='bbox 864 3010 892 3050; x_wconf 85' lang='lat' dir='ltr'><strong>nt</strong></span> <span class='ocrx_word' id='word_1_186' title='bbox 904 2999 1053 3069; x_wconf 78' lang='lat' dir='ltr'><strong>profectum</strong></span> <span class='ocrx_word' id='word_1_187' title='bbox 1066 2997 1182 3053; x_wconf 80' lang='lat' dir='ltr'><strong>videtur.</strong></span> 
     </span>
     <span class='ocr_line' id='line_1_25' title="bbox 185 3076 1247 3154; baseline -0.003 -21"><span class='ocrx_word' id='word_1_188' title='bbox 185 3081 257 3151; x_wconf 72' lang='lat' dir='ltr'><strong>gitur</strong></span> <span class='ocrx_word' id='word_1_189' title='bbox 268 3082 620 3154; x_wconf 79' lang='lat' dir='ltr'><strong>emendnri.Keppiustamen</strong></span> <span class='ocrx_word' id='word_1_190' title='bbox 630 3098 697 3152; x_wconf 79' lang='lat' dir='ltr'><strong>pres-</strong></span> <span class='ocrx_word' id='word_1_191' title='bbox 780 3087 806 3144; x_wconf 71' lang='lat'><strong>4.</strong></span> <span class='ocrx_word' id='word_1_192' title='bbox 823 3078 908 3150; x_wconf 84' lang='lat' dir='ltr'><strong>Neque</strong></span> <span class='ocrx_word' id='word_1_193' title='bbox 910 3117 966 3131; x_wconf 87' lang='grc'><strong>......</strong></span> <span class='ocrx_word' id='word_1_194' title='bbox 982 3081 1102 3149; x_wconf 79' lang='lat' dir='ltr'><strong>apparuit.</strong></span> <span class='ocrx_word' id='word_1_195' title='bbox 1111 3076 1175 3132; x_wconf 83' lang='lat' dir='ltr'><strong>vid.</strong></span> <span class='ocrx_word' id='word_1_196' title='bbox 1191 3077 1247 3132; x_wconf 89' lang='lat' dir='ltr'><strong>Cic.</strong></span> 
     </span>
     <span class='ocr_line' id='line_1_26' title="bbox 184 3158 971 3230; baseline 0 -19"><span class='ocrx_word' id='word_1_197' title='bbox 184 3160 326 3214; x_wconf 76' lang='lat' dir='ltr'><strong>serendum</strong></span> <span class='ocrx_word' id='word_1_198' title='bbox 347 3173 435 3214; x_wconf 85' lang='lat' dir='ltr'><strong>censet</strong></span> <span class='ocrx_word' id='word_1_199' title='bbox 454 3162 591 3224; x_wconf 61' lang='lat' dir='ltr'><strong>madore,</strong></span> <span class='ocrx_word' id='word_1_200' title='bbox 613 3161 651 3214; x_wconf 80' lang='lat' dir='ltr'><strong>ite</strong></span> <span class='ocrx_word' id='word_1_201' title='bbox 665 3173 696 3213; x_wconf 92' lang='lat' dir='ltr'><strong>ut</strong></span> <span class='ocrx_word' id='word_1_202' title='bbox 739 3177 790 3230; x_wconf 92' lang='lat' dir='ltr'><strong>pro</strong></span> <span class='ocrx_word' id='word_1_203' title='bbox 803 3158 908 3212; x_wconf 86' lang='lat' dir='ltr'><strong>Clueut.</strong></span> <span class='ocrx_word' id='word_1_204' title='bbox 923 3159 971 3222; x_wconf 75' lang='grc'><strong>48.</strong></span> 
     </span>
     <span class='ocr_line' id='line_1_27' title="bbox 184 3237 1247 3312; baseline 0.002 -23"><span class='ocrx_word' id='word_1_205' title='bbox 184 3241 287 3292; x_wconf 82' lang='lat' dir='ltr'><strong>scribom</strong></span> <span class='ocrx_word' id='word_1_206' title='bbox 300 3241 519 3312; x_wconf 76' lang='lat' dir='ltr'><strong>subintelligatur.</strong></span> <span class='ocrx_word' id='word_1_207' title='bbox 759 3253 762 3264; x_wconf 92' lang='lat'>&#39;</span> <span class='ocrx_word' id='word_1_208' title='bbox 780 3240 806 3292; x_wconf 81' lang='lat'><strong>5.</strong></span> <span class='ocrx_word' id='word_1_209' title='bbox 818 3237 945 3292; x_wconf 73' lang='lat' dir='ltr'><strong>Censorias</strong></span> <span class='ocrx_word' id='word_1_210' title='bbox 956 3257 1124 3308; x_wconf 67' lang='lat' dir='ltr'><strong>recognoscens</strong></span> <span class='ocrx_word' id='word_1_211' title='bbox 1135 3241 1247 3310; x_wconf 78' lang='lat' dir='ltr'><strong>equitum.</strong></span> 
     </span>
    </p>

    <p class='ocr_par' dir='ltr' id='par_1_6' title="bbox 185 3315 1248 3792">
     <span class='ocr_line' id='line_1_28' title="bbox 229 3315 1247 3393; baseline 0 -23"><span class='ocrx_word' id='word_1_212' title='bbox 229 3337 255 3372; x_wconf 79' lang='lat'><strong>2.</strong></span> <span class='ocrx_word' id='word_1_213' title='bbox 278 3320 358 3390; x_wconf 74' lang='lat' dir='ltr'><strong>Quum</strong></span> <span class='ocrx_word' id='word_1_214' title='bbox 372 3325 436 3374; x_wconf 79' lang='lat' dir='ltr'><strong>intro</strong></span> <span class='ocrx_word' id='word_1_215' title='bbox 446 3359 539 3373; x_wconf 90' lang='grc'><strong>.......</strong></span> <span class='ocrx_word' id='word_1_216' title='bbox 553 3319 694 3393; x_wconf 75' lang='lat' dir='ltr'><strong>quonian·</strong></span> <span class='ocrx_word' id='word_1_217' title='bbox 738 3321 810 3374; x_wconf 88' lang='lat' dir='ltr'><strong>Dum</strong></span> <span class='ocrx_word' id='word_1_218' title='bbox 824 3331 973 3372; x_wconf 71' lang='lat' dir='ltr'><strong>recenseret</strong></span> <span class='ocrx_word' id='word_1_219' title='bbox 988 3318 1104 3390; x_wconf 86' lang='lat' dir='ltr'><strong>equites,</strong></span> <span class='ocrx_word' id='word_1_220' title='bbox 1118 3331 1149 3371; x_wconf 90' lang='lat' dir='ltr'><strong>ut</strong></span> <span class='ocrx_word' id='word_1_221' title='bbox 1163 3318 1185 3370; x_wconf 84' lang='lat' dir='ltr'><strong>si</strong></span> <span class='ocrx_word' id='word_1_222' title='bbox 1201 3315 1247 3370; x_wconf 90' lang='lat' dir='ltr'><strong>de·</strong></span> 
     </span>
     <span class='ocr_line' id='line_1_29' title="bbox 188 3397 1247 3472; baseline 0.001 -23"><span class='ocrx_word' id='word_1_223' title='bbox 188 3411 236 3452; x_wconf 82' lang='lat' dir='ltr'><strong>tur.</strong></span> <span class='ocrx_word' id='word_1_224' title='bbox 258 3399 349 3464; x_wconf 84' lang='lat' dir='ltr'><strong>Quum</strong></span> <span class='ocrx_word' id='word_1_225' title='bbox 367 3399 434 3454; x_wconf 84' lang='lat' dir='ltr'><strong>lines</strong></span> <span class='ocrx_word' id='word_1_226' title='bbox 457 3399 562 3472; x_wconf 78' lang='lat' dir='ltr'><strong>imperii</strong></span> <span class='ocrx_word' id='word_1_227' title='bbox 576 3419 631 3453; x_wconf 85' lang='lat' dir='ltr'><strong>non</strong></span> <span class='ocrx_word' id='word_1_228' title='bbox 650 3419 695 3453; x_wconf 83' lang='lat' dir='ltr'><strong>er·</strong></span> <span class='ocrx_word' id='word_1_229' title='bbox 737 3397 921 3471; x_wconf 87' lang='lat' dir='ltr'><strong>prehendisset</strong></span> <span class='ocrx_word' id='word_1_230' title='bbox 938 3399 1049 3462; x_wconf 81' lang='lat' dir='ltr'><strong>vitium,</strong></span> <span class='ocrx_word' id='word_1_231' title='bbox 1066 3417 1135 3470; x_wconf 87' lang='lat' dir='ltr'><strong>equo</strong></span> <span class='ocrx_word' id='word_1_232' title='bbox 1153 3417 1247 3468; x_wconf 86' lang='lat' dir='ltr'><strong>repro·</strong></span> 
     </span>
     <span class='ocr_line' id='line_1_30' title="bbox 186 3477 1247 3552; baseline 0 -22"><span class='ocrx_word' id='word_1_233' title='bbox 186 3477 361 3532; x_wconf 86' lang='lat' dir='ltr'><strong>tenderentur</strong></span> <span class='ocrx_word' id='word_1_234' title='bbox 379 3480 450 3534; x_wconf 81' lang='lat' dir='ltr'><strong>ultra</strong></span> <span class='ocrx_word' id='word_1_235' title='bbox 466 3493 566 3550; x_wconf 87' lang='lat' dir='ltr'><strong>septem</strong></span> <span class='ocrx_word' id='word_1_236' title='bbox 581 3481 620 3533; x_wconf 84' lang='grc' dir='ltr'><strong>Μ.</strong></span> <span class='ocrx_word' id='word_1_237' title='bbox 636 3499 695 3552; x_wconf 79' lang='lat' dir='ltr'><strong>pes-</strong></span> <span class='ocrx_word' id='word_1_238' title='bbox 738 3480 786 3532; x_wconf 89' lang='lat' dir='ltr'><strong>bos</strong></span> <span class='ocrx_word' id='word_1_239' title='bbox 799 3481 929 3550; x_wconf 85' lang='lat' dir='ltr'><strong>privnret,</strong></span> <span class='ocrx_word' id='word_1_240' title='bbox 940 3480 981 3533; x_wconf 85' lang='lat' dir='ltr'><strong>vel</strong></span> <span class='ocrx_word' id='word_1_241' title='bbox 994 3479 1044 3531; x_wconf 81' lang='lat' dir='ltr'><strong>elie</strong></span> <span class='ocrx_word' id='word_1_242' title='bbox 1055 3491 1118 3530; x_wconf 79' lang='lat' dir='ltr'><strong>note</strong></span> <span class='ocrx_word' id='word_1_243' title='bbox 1130 3478 1247 3532; x_wconf 81' lang='lat' dir='ltr'><strong>censoria</strong></span> 
     </span>
     <span class='ocr_line' id='line_1_31' title="bbox 185 3551 1247 3632; baseline 0 -20"><span class='ocrx_word' id='word_1_244' title='bbox 185 3551 282 3612; x_wconf 82' lang='lat' dir='ltr'><strong>stium:</strong></span> <span class='ocrx_word' id='word_1_245' title='bbox 295 3577 356 3614; x_wconf 88' lang='lat' dir='ltr'><strong>nam</strong></span> <span class='ocrx_word' id='word_1_246' title='bbox 369 3558 500 3632; x_wconf 87' lang='lat' dir='ltr'><strong>lapidibus</strong></span> <span class='ocrx_word' id='word_1_247' title='bbox 513 3559 636 3614; x_wconf 72' lang='lat' dir='ltr'><strong>milliaria</strong></span> <span class='ocrx_word' id='word_1_248' title='bbox 651 3559 696 3614; x_wconf 80' lang='lat' dir='ltr'><strong>de-</strong></span> <span class='ocrx_word' id='word_1_249' title='bbox 737 3557 883 3614; x_wconf 82' lang='lat' dir='ltr'><strong>damnaret.</strong></span> <span class='ocrx_word' id='word_1_250' title='bbox 901 3593 942 3606; x_wconf 80' lang='lat'>-</span> <span class='ocrx_word' id='word_1_251' title='bbox 960 3557 1047 3611; x_wconf 79' lang='lat' dir='ltr'><strong>Verbis</strong></span> <span class='ocrx_word' id='word_1_252' title='bbox 1059 3562 1184 3630; x_wconf 72' lang='lat' dir='ltr'><strong>comptis.</strong></span> <span class='ocrx_word' id='word_1_253' title='bbox 1198 3559 1247 3612; x_wconf 86' lang='lat' dir='ltr'><strong>Ju-</strong></span> 
     </span>
     <span class='ocr_line' id='line_1_32' title="bbox 185 3638 1248 3712; baseline -0.001 -21"><span class='ocrx_word' id='word_1_254' title='bbox 185 3640 366 3712; x_wconf 77' lang='lat' dir='ltr'><strong>signabantur.</strong></span> <span class='ocrx_word' id='word_1_255' title='bbox 383 3641 407 3692; x_wconf 72' lang='lat' dir='ltr'>A</span> <span class='ocrx_word' id='word_1_256' title='bbox 424 3639 538 3693; x_wconf 80' lang='lat' dir='ltr'><strong>milliario</strong></span> <span class='ocrx_word' id='word_1_257' title='bbox 561 3659 633 3692; x_wconf 77' lang='lat' dir='ltr'><strong>nureo</strong></span> <span class='ocrx_word' id='word_1_258' title='bbox 648 3659 695 3693; x_wconf 89' lang='lat' dir='ltr'><strong>seu</strong></span> <span class='ocrx_word' id='word_1_259' title='bbox 737 3638 1248 3712; x_wconf 77' lang='lat' dir='ltr'><strong>risjurendiverbesupiusscriptocon·</strong></span> 
     </span>
     <span class='ocr_line' id='line_1_33' title="bbox 185 3719 1017 3792; baseline 0.001 -22"><span class='ocrx_word' id='word_1_260' title='bbox 185 3719 310 3771; x_wconf 88' lang='lat' dir='ltr'><strong>columna</strong></span> <span class='ocrx_word' id='word_1_261' title='bbox 326 3719 354 3772; x_wconf 89' lang='lat' dir='ltr'><strong>in</strong></span> <span class='ocrx_word' id='word_1_262' title='bbox 367 3719 426 3772; x_wconf 80' lang='lat' dir='ltr'><strong>foro</strong></span> <span class='ocrx_word' id='word_1_263' title='bbox 438 3738 548 3774; x_wconf 77' lang='lat' dir='ltr'><strong>rotomo</strong></span> <span class='ocrx_word' id='word_1_264' title='bbox 565 3719 598 3773; x_wconf 81' lang='lat' dir='ltr'><strong>ad</strong></span> <span class='ocrx_word' id='word_1_265' title='bbox 610 3719 694 3774; x_wconf 82' lang='lat' dir='ltr'><strong>sedem</strong></span> <span class='ocrx_word' id='word_1_266' title='bbox 737 3733 813 3792; x_wconf 87' lang='lat' dir='ltr'><strong>cepta</strong></span> <span class='ocrx_word' id='word_1_267' title='bbox 828 3720 1017 3773; x_wconf 78' lang='lat' dir='ltr'><strong>recitabantur.</strong></span> 
     </span>
    </p>

    <p class='ocr_par' dir='ltr' id='par_1_7' title="bbox 185 3796 1247 4268">
     <span class='ocr_line' id='line_1_34' title="bbox 186 3796 1247 3872; baseline 0.002 -22"><span class='ocrx_word' id='word_1_268' title='bbox 186 3798 316 3868; x_wconf 83' lang='lat' dir='ltr'><strong>Saturni,</strong></span> <span class='ocrx_word' id='word_1_269' title='bbox 336 3800 382 3852; x_wconf 90' lang='lat' dir='ltr'><strong>ubi</strong></span> <span class='ocrx_word' id='word_1_270' title='bbox 402 3817 493 3854; x_wconf 88' lang='lat' dir='ltr'><strong>omnes</strong></span> <span class='ocrx_word' id='word_1_271' title='bbox 515 3819 564 3872; x_wconf 85' lang='lat' dir='ltr'><strong>per</strong></span> <span class='ocrx_word' id='word_1_272' title='bbox 591 3801 694 3854; x_wconf 77' lang='lat' dir='ltr'><strong>Italiam</strong></span> <span class='ocrx_word' id='word_1_273' title='bbox 779 3804 806 3853; x_wconf 86' lang='grc'><strong>6.</strong></span> <span class='ocrx_word' id='word_1_274' title='bbox 817 3800 938 3866; x_wconf 82' lang='lat' dir='ltr'><strong>Luerr&#39;fse.</strong></span> <span class='ocrx_word' id='word_1_275' title='bbox 948 3801 981 3852; x_wconf 90' lang='lat' dir='ltr'><strong>In</strong></span> <span class='ocrx_word' id='word_1_276' title='bbox 993 3799 1068 3851; x_wconf 83' lang='lat' dir='ltr'><strong>lucro</strong></span> <span class='ocrx_word' id='word_1_277' title='bbox 1080 3796 1247 3870; x_wconf 86' lang='lat' dir='ltr'><strong>pone‚quod</strong></span> 
     </span>
     <span class='ocr_line' id='line_1_35' title="bbox 186 3877 1247 3951; baseline 0.002 -21"><span class='ocrx_word' id='word_1_278' title='bbox 186 3879 236 3931; x_wconf 79' lang='lat' dir='ltr'><strong>vise</strong></span> <span class='ocrx_word' id='word_1_279' title='bbox 248 3879 454 3946; x_wconf 86' lang='lat' dir='ltr'><strong>conveniebant,</strong></span> <span class='ocrx_word' id='word_1_280' title='bbox 465 3881 640 3934; x_wconf 76' lang='lat' dir='ltr'><strong>numerabant</strong></span> <span class='ocrx_word' id='word_1_281' title='bbox 655 3882 693 3934; x_wconf 82' lang='lat' dir='ltr'><strong>le·</strong></span> <span class='ocrx_word' id='word_1_282' title='bbox 738 3897 752 3931; x_wconf 87' lang='lat' dir='ltr'><strong>a</strong></span> <span class='ocrx_word' id='word_1_283' title='bbox 765 3897 873 3932; x_wconf 83' lang='lat' dir='ltr'><strong>censore</strong></span> <span class='ocrx_word' id='word_1_284' title='bbox 888 3892 999 3951; x_wconf 83' lang='lat' dir='ltr'><strong>propter</strong></span> <span class='ocrx_word' id='word_1_285' title='bbox 1012 3881 1068 3951; x_wconf 85' lang='lat' dir='ltr'><strong>ejus</strong></span> <span class='ocrx_word' id='word_1_286' title='bbox 1086 3877 1247 3932; x_wconf 84' lang='lat' dir='ltr'><strong>moderatio·</strong></span> 
     </span>
     <span class='ocr_line' id='line_1_36' title="bbox 185 3956 1245 4030; baseline 0.002 -20"><span class='ocrx_word' id='word_1_287' title='bbox 185 3956 285 4030; x_wconf 87' lang='lat' dir='ltr'><strong>pides:</strong></span> <span class='ocrx_word' id='word_1_288' title='bbox 309 3957 371 4012; x_wconf 90' lang='lat' dir='ltr'><strong>inde</strong></span> <span class='ocrx_word' id='word_1_289' title='bbox 395 3958 496 4013; x_wconf 88' lang='lat' dir='ltr'><strong>dictum</strong></span> <span class='ocrx_word' id='word_1_290' title='bbox 518 3959 551 4014; x_wconf 84' lang='lat' dir='ltr'><strong>ad</strong></span> <span class='ocrx_word' id='word_1_291' title='bbox 570 3963 692 4025; x_wconf 82' lang='lat' dir='ltr'><strong>tertium,</strong></span> <span class='ocrx_word' id='word_1_292' title='bbox 737 3977 800 4012; x_wconf 88' lang='lat' dir='ltr'><strong>nem</strong></span> <span class='ocrx_word' id='word_1_293' title='bbox 823 3959 967 4030; x_wconf 73' lang='lat' dir='ltr'><strong>ignominia</strong></span> <span class='ocrx_word' id='word_1_294' title='bbox 989 3979 1045 4012; x_wconf 88' lang='lat' dir='ltr'><strong>non</strong></span> <span class='ocrx_word' id='word_1_295' title='bbox 1069 3959 1104 4012; x_wconf 88' lang='lat' dir='ltr'><strong>sis</strong></span> <span class='ocrx_word' id='word_1_296' title='bbox 1127 3959 1245 4012; x_wconf 78' lang='lat' dir='ltr'><strong>effectus.</strong></span> 
     </span>
     <span class='ocr_line' id='line_1_37' title="bbox 187 4039 1246 4113; baseline 0.002 -23"><span class='ocrx_word' id='word_1_297' title='bbox 187 4051 322 4108; x_wconf 85' lang='lat' dir='ltr'><strong>quartum,</strong></span> <span class='ocrx_word' id='word_1_298' title='bbox 338 4039 480 4112; x_wconf 85' lang='lat' dir='ltr'><strong>quintum,</strong></span> <span class='ocrx_word' id='word_1_299' title='bbox 500 4053 550 4096; x_wconf 86' lang='lat' dir='ltr'><strong>etc.</strong></span> <span class='ocrx_word' id='word_1_300' title='bbox 567 4039 692 4113; x_wconf 82' lang='lat' dir='ltr'><strong>lapidem.</strong></span> <span class='ocrx_word' id='word_1_301' title='bbox 737 4039 805 4092; x_wconf 84' lang='lat' dir='ltr'><strong>Nam</strong></span> <span class='ocrx_word' id='word_1_302' title='bbox 820 4058 902 4111; x_wconf 87' lang='lat' dir='ltr'><strong>quum</strong></span> <span class='ocrx_word' id='word_1_303' title='bbox 917 4051 990 4092; x_wconf 85' lang='lat' dir='ltr'><strong>certo</strong></span> <span class='ocrx_word' id='word_1_304' title='bbox 1005 4040 1098 4106; x_wconf 86' lang='lat' dir='ltr'><strong>sciret,</strong></span> <span class='ocrx_word' id='word_1_305' title='bbox 1111 4041 1190 4092; x_wconf 87' lang='lat' dir='ltr'><strong>istum</strong></span> <span class='ocrx_word' id='word_1_306' title='bbox 1200 4057 1246 4111; x_wconf 87' lang='lat' dir='ltr'><strong>pe·</strong></span> 
     </span>
     <span class='ocr_line' id='line_1_38' title="bbox 188 4117 1245 4193; baseline 0.003 -25"><span class='ocrx_word' id='word_1_307' title='bbox 188 4117 250 4171; x_wconf 88' lang='lat' dir='ltr'><strong>Vid.</strong></span> <span class='ocrx_word' id='word_1_308' title='bbox 268 4119 336 4173; x_wconf 90' lang='lat' dir='ltr'><strong>Plin.</strong></span> <span class='ocrx_word' id='word_1_309' title='bbox 353 4121 411 4188; x_wconf 77' lang='lat' dir='ltr'><strong>IV,</strong></span> <span class='ocrx_word' id='word_1_310' title='bbox 427 4120 453 4174; x_wconf 84' lang='lat'><strong>5.</strong></span> <span class='ocrx_word' id='word_1_311' title='bbox 735 4125 851 4192; x_wconf 84' lang='lat' dir='ltr'><strong>jerasse,</strong></span> <span class='ocrx_word' id='word_1_312' title='bbox 868 4119 996 4193; x_wconf 81' lang='lat' dir='ltr'><strong>potuisset</strong></span> <span class='ocrx_word' id='word_1_313' title='bbox 1011 4139 1073 4175; x_wconf 86' lang='lat' dir='ltr'><strong>eum</strong></span> <span class='ocrx_word' id='word_1_314' title='bbox 1088 4133 1191 4173; x_wconf 81' lang='lat' dir='ltr'><strong>notasse</strong></span> <span class='ocrx_word' id='word_1_315' title='bbox 1213 4137 1245 4171; x_wconf 79' lang='lat' dir='ltr'><strong>ex</strong></span> 
     </span>
     <span class='ocr_line' id='line_1_39' title="bbox 229 4199 1224 4268; baseline 0.002 -19"><span class='ocrx_word' id='word_1_316' title='bbox 229 4199 254 4250; x_wconf 79' lang='lat'><strong>3.</strong></span> <span class='ocrx_word' id='word_1_317' title='bbox 264 4200 342 4252; x_wconf 79' lang='lat' dir='ltr'><strong>Esset.</strong></span> <span class='ocrx_word' id='word_1_318' title='bbox 352 4201 385 4253; x_wconf 90' lang='lat' dir='ltr'><strong>In</strong></span> <span class='ocrx_word' id='word_1_319' title='bbox 393 4200 518 4256; x_wconf 84' lang='lat' dir='ltr'><strong>undecim</strong></span> <span class='ocrx_word' id='word_1_320' title='bbox 528 4199 606 4256; x_wconf 87' lang='lat' dir='ltr'><strong>codd.</strong></span> <span class='ocrx_word' id='word_1_321' title='bbox 617 4200 691 4256; x_wconf 88' lang='lat' dir='ltr'><strong>MSS.</strong></span> <span class='ocrx_word' id='word_1_322' title='bbox 736 4220 784 4253; x_wconf 89' lang='lat' dir='ltr'><strong>suo</strong></span> <span class='ocrx_word' id='word_1_323' title='bbox 797 4201 876 4254; x_wconf 87' lang='lat' dir='ltr'><strong>unius</strong></span> <span class='ocrx_word' id='word_1_324' title='bbox 891 4201 1057 4268; x_wconf 86' lang='lat' dir='ltr'><strong>testimonio,</strong></span> <span class='ocrx_word' id='word_1_325' title='bbox 1068 4199 1115 4256; x_wconf 88' lang='lat' dir='ltr'><strong>sed</strong></span> <span class='ocrx_word' id='word_1_326' title='bbox 1130 4199 1224 4254; x_wconf 88' lang='lat' dir='ltr'><strong>noluit.</strong></span> 
     </span>
    </p>
   </div>
   <div class='ocr_carea' id='block_1_5' title="bbox 0 0 1602 5122">
    <p class='ocr_par' dir='ltr' id='par_1_8' title="bbox 0 0 1602 5122">
     <span class='ocr_line' id='line_1_40' title="bbox 0 0 1602 5122; baseline 0 0"><span class='ocrx_word' id='word_1_327' title='bbox 0 0 1602 5122; x_wconf 95' lang='lat' dir='ltr'><strong> </strong></span> 
     </span>
    </p>
   </div>
  </div>
 </body>
</html>
