<?xml version="1.0" encoding="UTF-8"?>
<!DOCTYPE html PUBLIC "-//W3C//DTD XHTML 1.0 Transitional//EN"
    "http://www.w3.org/TR/xhtml1/DTD/xhtml1-transitional.dtd">
<html xmlns="http://www.w3.org/1999/xhtml" xml:lang="en" lang="en">
 <head>
  <title>
</title>
<meta http-equiv="Content-Type" content="text/html;charset=utf-8" />
  <meta name='ocr-system' content='tesseract 3.04.00' />
  <meta name='ocr-capabilities' content='ocr_page ocr_carea ocr_par ocr_line ocrx_word'/>
</head>
<body>
  <div class='ocr_page' id='page_1' title='image "./valeriusmaximus01lykogoog_0446.png"; bbox 0 0 3168 5124; ppageno 0'>
   <div class='ocr_carea' id='block_1_1' title="bbox 191 479 1200 568">
    <p class='ocr_par' dir='ltr' id='par_1_1' title="bbox 191 479 1200 568">
     <span class='ocr_line' id='line_1_1' title="bbox 191 479 1200 568; baseline 0.005 -20"><span class='ocrx_word' id='word_1_1' title='bbox 191 481 285 550; x_wconf 76' lang='lat' dir='ltr'><strong>CAP.</strong></span> <span class='ocrx_word' id='word_1_2' title='bbox 314 479 366 568; x_wconf 90' lang='lat'>11,</span> <span class='ocrx_word' id='word_1_3' title='bbox 394 480 458 550; x_wconf 86' lang='lat' dir='ltr'>DE</span> <span class='ocrx_word' id='word_1_4' title='bbox 485 479 650 548; x_wconf 73' lang='lat' dir='ltr'>BIBERE</span> <span class='ocrx_word' id='word_1_5' title='bbox 678 481 796 549; x_wconf 86' lang='lat' dir='ltr'><strong>DICT.</strong></span> <span class='ocrx_word' id='word_1_6' title='bbox 826 481 919 549; x_wconf 85' lang='lat' dir='ltr'>AUT</span> <span class='ocrx_word' id='word_1_7' title='bbox 945 481 1071 552; x_wconf 70' lang='lat' dir='ltr'>nect.</span> <span class='ocrx_word' id='word_1_8' title='bbox 1128 487 1200 568; x_wconf 70' lang='lat' dir='ltr'>dar</span> 
     </span>
    </p>
   </div>
   <div class='ocr_carea' id='block_1_2' title="bbox 501 698 842 790">
    <p class='ocr_par' dir='ltr' id='par_1_2' title="bbox 501 698 842 790">
     <span class='ocr_line' id='line_1_2' title="bbox 501 698 842 790; baseline -0.006 0"><span class='ocrx_word' id='word_1_9' title='bbox 501 698 734 790; x_wconf 80' lang='lat' dir='ltr'><strong>CAPUT</strong></span> <span class='ocrx_word' id='word_1_10' title='bbox 776 699 842 788; x_wconf 94' lang='grc' dir='ltr'>ΙΙ.</span> 
     </span>
    </p>
   </div>
   <div class='ocr_carea' id='block_1_3' title="bbox 245 869 1027 980">
    <p class='ocr_par' dir='ltr' id='par_1_3' title="bbox 245 869 1027 980">
     <span class='ocr_line' id='line_1_3' title="bbox 245 869 1027 980; baseline -0.001 -21"><span class='ocrx_word' id='word_1_11' title='bbox 245 927 247 930; x_wconf 94' lang='grc'><strong><em>·</em></strong></span> <span class='ocrx_word' id='word_1_12' title='bbox 305 879 394 980; x_wconf 69' lang='grc' dir='ltr'>Ι(ὶιιιε</span> <span class='ocrx_word' id='word_1_13' title='bbox 410 893 502 958; x_wconf 81' lang='lat' dir='ltr'>libere</span> <span class='ocrx_word' id='word_1_14' title='bbox 517 869 806 979; x_wconf 76' lang='lat' dir='ltr'>dicta,&#39;autsaota</span> <span class='ocrx_word' id='word_1_15' title='bbox 824 915 847 956; x_wconf 86' lang='lat' dir='ltr'>a</span> <span class='ocrx_word' id='word_1_16' title='bbox 864 891 1027 958; x_wconf 72' lang='lat' dir='ltr'>Romami.</span> 
     </span>
    </p>
   </div>
   <div class='ocr_carea' id='block_1_4' title="bbox 133 1049 1206 1429">
    <p class='ocr_par' dir='ltr' id='par_1_4' title="bbox 133 1049 1206 1429">
     <span class='ocr_line' id='line_1_4' title="bbox 133 1049 1206 1115; baseline 0.001 -17"><span class='ocrx_word' id='word_1_17' title='bbox 133 1068 156 1098; x_wconf 84' lang='lat' dir='ltr'>r.</span> <span class='ocrx_word' id='word_1_18' title='bbox 167 1052 255 1114; x_wconf 71' lang='lat' dir='ltr'>legato</span> <span class='ocrx_word' id='word_1_19' title='bbox 267 1049 443 1097; x_wconf 74' lang='lat' dir='ltr'>Privernatium.</span> <span class='ocrx_word' id='word_1_20' title='bbox 455 1075 486 1087; x_wconf 92' lang='lat'>-</span> <span class='ocrx_word' id='word_1_21' title='bbox 497 1065 519 1098; x_wconf 78' lang='lat' dir='ltr'>a.</span> <span class='ocrx_word' id='word_1_22' title='bbox 530 1050 557 1096; x_wconf 68' lang='lat'>1».</span> <span class='ocrx_word' id='word_1_23' title='bbox 570 1049 660 1115; x_wconf 70' lang='lat' dir='ltr'>liureio</span> <span class='ocrx_word' id='word_1_24' title='bbox 671 1049 781 1112; x_wconf 78' lang='lat' dir='ltr'>Philippo</span> <span class='ocrx_word' id='word_1_25' title='bbox 793 1065 842 1098; x_wconf 78' lang='lat' dir='ltr'>cor·</span> <span class='ocrx_word' id='word_1_26' title='bbox 854 1075 886 1086; x_wconf 92' lang='lat'><em>-</em></span> <span class='ocrx_word' id='word_1_27' title='bbox 904 1049 926 1099; x_wconf 80' lang='grc'>3.</span> <span class='ocrx_word' id='word_1_28' title='bbox 942 1049 1051 1112; x_wconf 68' lang='lat' dir='ltr'>Scipion</span> <span class='ocrx_word' id='word_1_29' title='bbox 1067 1051 1206 1105; x_wconf 72' lang='lat' dir='ltr'>Allnilirno.</span> 
     </span>
     <span class='ocr_line' id='line_1_5' title="bbox 163 1129 1205 1192; baseline 0.006 -16"><span class='ocrx_word' id='word_1_30' title='bbox 163 1137 221 1184; x_wconf 74' lang='grc' dir='ltr'>-Δ,</span> <span class='ocrx_word' id='word_1_31' title='bbox 235 1131 278 1177; x_wconf 75' lang='lat' dir='ltr'>Cn</span> <span class='ocrx_word' id='word_1_32' title='bbox 291 1129 418 1192; x_wconf 74' lang='lat' dir='ltr'>Calpurnio</span> <span class='ocrx_word' id='word_1_33' title='bbox 430 1131 522 1176; x_wconf 77' lang='lat' dir='ltr'>Pisone.</span> <span class='ocrx_word' id='word_1_34' title='bbox 530 1129 587 1176; x_wconf 81' lang='lat'>-5.</span> <span class='ocrx_word' id='word_1_35' title='bbox 601 1131 635 1176; x_wconf 84' lang='lat' dir='ltr'>ld.</span> <span class='ocrx_word' id='word_1_36' title='bbox 646 1131 735 1176; x_wconf 77' lang='lat' dir='ltr'>Gitone</span> <span class='ocrx_word' id='word_1_37' title='bbox 746 1129 927 1176; x_wconf 61' lang='lat' dir='ltr'>uitauit-t.</span> <span class='ocrx_word' id='word_1_38' title='bbox 935 1131 979 1177; x_wconf 87' lang='lat' dir='ltr'>Cn.</span> <span class='ocrx_word' id='word_1_39' title='bbox 991 1132 1090 1178; x_wconf 76' lang='lat' dir='ltr'>Lentulo</span> <span class='ocrx_word' id='word_1_40' title='bbox 1103 1135 1205 1182; x_wconf 75' lang='lat' dir='ltr'>Mareel-</span> 
     </span>
     <span class='ocr_line' id='line_1_6' title="bbox 161 1207 1206 1272; baseline 0.005 -17"><span class='ocrx_word' id='word_1_41' title='bbox 161 1209 212 1256; x_wconf 88' lang='lat' dir='ltr'>lino</span> <span class='ocrx_word' id='word_1_42' title='bbox 231 1225 281 1256; x_wconf 82' lang='lat' dir='ltr'>cor.</span> <span class='ocrx_word' id='word_1_43' title='bbox 292 1235 324 1244; x_wconf 97' lang='lat'>—</span> <span class='ocrx_word' id='word_1_44' title='bbox 339 1225 360 1270; x_wconf 79' lang='lat'>7.</span> <span class='ocrx_word' id='word_1_45' title='bbox 374 1211 408 1256; x_wconf 77' lang='grc' dir='ltr'>Μ.</span> <span class='ocrx_word' id='word_1_46' title='bbox 420 1211 530 1256; x_wconf 75' lang='lat' dir='ltr'>Favonio.</span> <span class='ocrx_word' id='word_1_47' title='bbox 542 1234 574 1244; x_wconf 94' lang='lat'><em>-</em></span> <span class='ocrx_word' id='word_1_48' title='bbox 590 1207 612 1253; x_wconf 81' lang='lat'>8.</span> <span class='ocrx_word' id='word_1_49' title='bbox 625 1209 708 1255; x_wconf 78' lang='lat' dir='ltr'>llelvio</span> <span class='ocrx_word' id='word_1_50' title='bbox 721 1209 814 1255; x_wconf 77' lang='lat' dir='ltr'>Mancia</span> <span class='ocrx_word' id='word_1_51' title='bbox 833 1208 957 1256; x_wconf 77' lang='lat' dir='ltr'>semime.</span> <span class='ocrx_word' id='word_1_52' title='bbox 967 1235 999 1246; x_wconf 95' lang='lat'><em>-</em></span> <span class='ocrx_word' id='word_1_53' title='bbox 1012 1224 1035 1271; x_wconf 83' lang='lat'>9.</span> <span class='ocrx_word' id='word_1_54' title='bbox 1051 1211 1148 1272; x_wconf 79' lang='lat' dir='ltr'>Diphilo</span> <span class='ocrx_word' id='word_1_55' title='bbox 1159 1224 1206 1260; x_wconf 76' lang='lat' dir='ltr'>tra·</span> 
     </span>
     <span class='ocr_line' id='line_1_7' title="bbox 163 1287 1205 1350; baseline 0.004 -15"><span class='ocrx_word' id='word_1_56' title='bbox 163 1289 239 1350; x_wconf 71' lang='lat' dir='ltr'>gredo.</span> <span class='ocrx_word' id='word_1_57' title='bbox 256 1315 287 1324; x_wconf 94' lang='lat'><em>-</em></span> <span class='ocrx_word' id='word_1_58' title='bbox 303 1305 340 1336; x_wconf 88' lang='grc' dir='ltr'>ιο.</span> <span class='ocrx_word' id='word_1_59' title='bbox 352 1290 387 1336; x_wconf 76' lang='grc' dir='ltr'>Μ.</span> <span class='ocrx_word' id='word_1_60' title='bbox 400 1289 515 1337; x_wconf 72' lang='lat' dir='ltr'>Castricio</span> <span class='ocrx_word' id='word_1_61' title='bbox 530 1287 671 1350; x_wconf 67' lang='lat' dir='ltr'>placentino.</span> <span class='ocrx_word' id='word_1_62' title='bbox 687 1313 718 1323; x_wconf 95' lang='lat'>-</span> <span class='ocrx_word' id='word_1_63' title='bbox 736 1303 773 1335; x_wconf 85' lang='lat' dir='ltr'>rt.</span> <span class='ocrx_word' id='word_1_64' title='bbox 790 1289 840 1334; x_wconf 71' lang='lat' dir='ltr'>ser.</span> <span class='ocrx_word' id='word_1_65' title='bbox 859 1287 1110 1350; x_wconf 62' lang='lat' dir='ltr'>aspiciendis-</span> <span class='ocrx_word' id='word_1_66' title='bbox 1127 1307 1163 1339; x_wconf 82' lang='lat' dir='ltr'>ra.</span> <span class='ocrx_word' id='word_1_67' title='bbox 1176 1293 1205 1339; x_wconf 83' lang='grc' dir='ltr'>Δ.</span> 
     </span>
     <span class='ocr_line' id='line_1_8' title="bbox 164 1368 371 1429; baseline -0.01 -13"><span class='ocrx_word' id='word_1_68' title='bbox 164 1369 278 1416; x_wconf 76' lang='lat' dir='ltr'>Cascellio</span> <span class='ocrx_word' id='word_1_69' title='bbox 288 1368 371 1429; x_wconf 73' lang='lat' dir='ltr'>jutius.</span> 
     </span>
    </p>
   </div>
   <div class='ocr_carea' id='block_1_5' title="bbox 290 1497 1033 1588">
    <p class='ocr_par' dir='ltr' id='par_1_5' title="bbox 290 1497 1033 1588">
     <span class='ocr_line' id='line_1_9' title="bbox 290 1497 1033 1588; baseline -0.001 -22"><span class='ocrx_word' id='word_1_70' title='bbox 290 1501 375 1588; x_wconf 62' lang='grc' dir='ltr'>(Μαι</span> <span class='ocrx_word' id='word_1_71' title='bbox 393 1500 486 1564; x_wconf 79' lang='lat' dir='ltr'>libere</span> <span class='ocrx_word' id='word_1_72' title='bbox 503 1499 607 1580; x_wconf 68' lang='grc' dir='ltr'>Λίστα,</span> <span class='ocrx_word' id='word_1_73' title='bbox 626 1497 793 1586; x_wconf 81' lang='lat' dir='ltr'>autsaoto</span> <span class='ocrx_word' id='word_1_74' title='bbox 811 1501 853 1563; x_wconf 80' lang='lat' dir='ltr'>ab</span> <span class='ocrx_word' id='word_1_75' title='bbox 870 1501 1033 1565; x_wconf 79' lang='lat' dir='ltr'>Exterm&#39;s.</span> 
     </span>
    </p>
   </div>
   <div class='ocr_carea' id='block_1_6' title="bbox 136 1648 1209 1791">
    <p class='ocr_par' dir='ltr' id='par_1_6' title="bbox 136 1648 1209 1791">
     <span class='ocr_line' id='line_1_10' title="bbox 136 1648 1209 1712; baseline 0.003 -16"><span class='ocrx_word' id='word_1_76' title='bbox 136 1667 156 1697; x_wconf 88' lang='lat' dir='ltr'>r.</span> <span class='ocrx_word' id='word_1_77' title='bbox 176 1652 294 1698; x_wconf 63' lang='lat' dir='ltr'>Michera</span> <span class='ocrx_word' id='word_1_78' title='bbox 314 1649 466 1697; x_wconf 77' lang='lat' dir='ltr'>macedonico</span> <span class='ocrx_word' id='word_1_79' title='bbox 491 1648 597 1696; x_wconf 67' lang='lat' dir='ltr'>muliere.</span> <span class='ocrx_word' id='word_1_80' title='bbox 613 1674 644 1684; x_wconf 94' lang='lat'><em>-</em></span> <span class='ocrx_word' id='word_1_81' title='bbox 661 1665 685 1696; x_wconf 78' lang='lat' dir='ltr'>a.</span> <span class='ocrx_word' id='word_1_82' title='bbox 705 1650 849 1709; x_wconf 71' lang='lat' dir='ltr'>Syracusana</span> <span class='ocrx_word' id='word_1_83' title='bbox 867 1649 978 1712; x_wconf 70' lang='lat' dir='ltr'>quadam.</span> <span class='ocrx_word' id='word_1_84' title='bbox 990 1676 1021 1686; x_wconf 94' lang='lat'>-</span> <span class='ocrx_word' id='word_1_85' title='bbox 1036 1650 1059 1698; x_wconf 80' lang='lat'>3.</span> <span class='ocrx_word' id='word_1_86' title='bbox 1079 1652 1209 1699; x_wconf 85' lang='lat' dir='ltr'>&#39;l&#39;beodoro</span> 
     </span>
     <span class='ocr_line' id='line_1_11' title="bbox 162 1743 279 1791; baseline 0.017 -14"><span class='ocrx_word' id='word_1_87' title='bbox 162 1743 279 1791; x_wconf 67' lang='lat' dir='ltr'>cyreneo.</span> 
     </span>
    </p>
   </div>
   <div class='ocr_carea' id='block_1_7' title="bbox 192 1871 1142 1938">
    <p class='ocr_par' dir='ltr' id='par_1_7' title="bbox 192 1871 1142 1938">
     <span class='ocr_line' id='line_1_12' title="bbox 192 1871 1142 1938; baseline 0.003 -12"><span class='ocrx_word' id='word_1_88' title='bbox 192 1873 286 1938; x_wconf 84' lang='lat' dir='ltr'>QUAE</span> <span class='ocrx_word' id='word_1_89' title='bbox 305 1871 456 1925; x_wconf 82' lang='lat' dir='ltr'><strong>LIBERE</strong></span> <span class='ocrx_word' id='word_1_90' title='bbox 476 1871 622 1938; x_wconf 74' lang='lat' dir='ltr'>DICTA,</span> <span class='ocrx_word' id='word_1_91' title='bbox 643 1873 726 1926; x_wconf 73' lang='lat' dir='ltr'>Aur</span> <span class='ocrx_word' id='word_1_92' title='bbox 747 1871 880 1926; x_wconf 66' lang='lat' dir='ltr'>FACTA</span> <span class='ocrx_word' id='word_1_93' title='bbox 901 1874 925 1925; x_wconf 79' lang='lat' dir='ltr'>A</span> <span class='ocrx_word' id='word_1_94' title='bbox 944 1873 1142 1929; x_wconf 76' lang='lat' dir='ltr'>ROMANIS.</span> 
     </span>
    </p>
   </div>
   <div class='ocr_carea' id='block_1_8' title="bbox 130 2021 1210 3504">
    <p class='ocr_par' dir='ltr' id='par_1_8' title="bbox 130 2021 1210 2972">
     <span class='ocr_line' id='line_1_13' title="bbox 186 2021 1210 2118; baseline 0.002 -26"><span class='ocrx_word' id='word_1_95' title='bbox 186 2021 416 2092; x_wconf 84' lang='lat' dir='ltr'>libertatem¹</span> <span class='ocrx_word' id='word_1_96' title='bbox 438 2037 550 2092; x_wconf 86' lang='lat' dir='ltr'>autern</span> <span class='ocrx_word' id='word_1_97' title='bbox 573 2022 778 2092; x_wconf 88' lang='lat' dir='ltr'>vehementis</span> <span class='ocrx_word' id='word_1_98' title='bbox 804 2023 938 2117; x_wconf 89' lang='lat' dir='ltr'>spiritus</span> <span class='ocrx_word' id='word_1_99' title='bbox 964 2022 1060 2092; x_wconf 89' lang='lat' dir='ltr'>dictis</span> <span class='ocrx_word' id='word_1_100' title='bbox 1081 2025 1210 2118; x_wconf 89' lang='lat' dir='ltr'>pariter</span> 
     </span>
     <span class='ocr_line' id='line_1_14' title="bbox 132 2127 1203 2218; baseline 0 -19"><span class='ocrx_word' id='word_1_101' title='bbox 132 2155 172 2200; x_wconf 87' lang='lat' dir='ltr'>ac</span> <span class='ocrx_word' id='word_1_102' title='bbox 190 2129 285 2200; x_wconf 89' lang='lat' dir='ltr'>factis</span> <span class='ocrx_word' id='word_1_103' title='bbox 303 2144 477 2218; x_wconf 80' lang='lat' dir='ltr'><strong>testatam,</strong></span> <span class='ocrx_word' id='word_1_104' title='bbox 495 2143 534 2198; x_wconf 89' lang='lat' dir='ltr'>ut</span> <span class='ocrx_word' id='word_1_105' title='bbox 552 2153 621 2197; x_wconf 89' lang='lat' dir='ltr'>non</span> <span class='ocrx_word' id='word_1_106' title='bbox 638 2129 867 2216; x_wconf 80' lang='lat' dir='ltr'>invitaverim,</span> <span class='ocrx_word' id='word_1_107' title='bbox 889 2131 934 2198; x_wconf 89' lang='lat' dir='ltr'>ita</span> <span class='ocrx_word' id='word_1_108' title='bbox 955 2127 1044 2199; x_wconf 86' lang='lat' dir='ltr'>ultro</span> <span class='ocrx_word' id='word_1_109' title='bbox 1063 2132 1203 2199; x_wconf 89' lang='lat' dir='ltr'>venien-</span> 
     </span>
     <span class='ocr_line' id='line_1_15' title="bbox 132 2234 1201 2332; baseline 0.001 -26"><span class='ocrx_word' id='word_1_110' title='bbox 132 2252 199 2306; x_wconf 91' lang='lat' dir='ltr'>tem</span> <span class='ocrx_word' id='word_1_111' title='bbox 218 2262 286 2305; x_wconf 91' lang='lat' dir='ltr'>non</span> <span class='ocrx_word' id='word_1_112' title='bbox 304 2234 521 2322; x_wconf 65' lang='lat' dir='ltr'>excluserim</span> <span class='ocrx_word' id='word_1_113' title='bbox 539 2237 717 2330; x_wconf 77' lang='lat' dir='ltr'>quainter</span> <span class='ocrx_word' id='word_1_114' title='bbox 736 2237 893 2305; x_wconf 90' lang='lat' dir='ltr'>virtutem</span> <span class='ocrx_word' id='word_1_115' title='bbox 911 2235 1096 2330; x_wconf 90' lang='lat' dir='ltr'>vitiumque</span> <span class='ocrx_word' id='word_1_116' title='bbox 1115 2239 1201 2332; x_wconf 92' lang='lat' dir='ltr'>posi·</span> 
     </span>
     <span class='ocr_line' id='line_1_16' title="bbox 132 2339 1204 2438; baseline 0 -26"><span class='ocrx_word' id='word_1_117' title='bbox 132 2358 186 2430; x_wconf 88' lang='lat' dir='ltr'>ta,</span> <span class='ocrx_word' id='word_1_118' title='bbox 202 2345 228 2413; x_wconf 94' lang='lat' dir='ltr'>si</span> <span class='ocrx_word' id='word_1_119' title='bbox 243 2343 366 2414; x_wconf 80' lang='lat' dir='ltr'>salubri</span> <span class='ocrx_word' id='word_1_120' title='bbox 380 2343 482 2413; x_wconf 91' lang='lat' dir='ltr'>modo</span> <span class='ocrx_word' id='word_1_121' title='bbox 499 2367 534 2411; x_wconf 93' lang='lat' dir='ltr'>se</span> <span class='ocrx_word' id='word_1_122' title='bbox 549 2343 806 2437; x_wconf 85' lang='lat' dir='ltr'>temperaverit,</span> <span class='ocrx_word' id='word_1_123' title='bbox 821 2339 975 2412; x_wconf 90' lang='lat' dir='ltr'>laudem:</span> <span class='ocrx_word' id='word_1_124' title='bbox 992 2345 1036 2432; x_wconf 90' lang='lat' dir='ltr'>si,</span> <span class='ocrx_word' id='word_1_125' title='bbox 1051 2369 1118 2438; x_wconf 88' lang='lat' dir='ltr'>quo</span> <span class='ocrx_word' id='word_1_126' title='bbox 1133 2369 1204 2413; x_wconf 89' lang='lat' dir='ltr'>non</span> 
     </span>
     <span class='ocr_line' id='line_1_17' title="bbox 132 2449 1202 2546; baseline 0.003 -28"><span class='ocrx_word' id='word_1_127' title='bbox 132 2449 265 2538; x_wconf 88' lang='lat' dir='ltr'>debuit,</span> <span class='ocrx_word' id='word_1_128' title='bbox 281 2449 486 2546; x_wconf 79' lang='lat' dir='ltr'>profuderit,</span> <span class='ocrx_word' id='word_1_129' title='bbox 501 2449 792 2545; x_wconf 84' lang='lat' dir='ltr'>reprehensionem</span> <span class='ocrx_word' id='word_1_130' title='bbox 807 2462 963 2518; x_wconf 89' lang='lat' dir='ltr'>meretur.</span> <span class='ocrx_word' id='word_1_131' title='bbox 986 2451 1039 2520; x_wconf 80' lang='lat' dir='ltr'>Ac</span> <span class='ocrx_word' id='word_1_132' title='bbox 1049 2449 1140 2546; x_wconf 85' lang='lat' dir='ltr'>vulgi</span> <span class='ocrx_word' id='word_1_133' title='bbox 1155 2451 1202 2521; x_wconf 89' lang='lat' dir='ltr'>sic</span> 
     </span>
     <span class='ocr_line' id='line_1_18' title="bbox 132 2555 1202 2652; baseline 0.002 -28"><span class='ocrx_word' id='word_1_134' title='bbox 132 2558 267 2627; x_wconf 88' lang='lat' dir='ltr'>auribus</span> <span class='ocrx_word' id='word_1_135' title='bbox 281 2559 420 2652; x_wconf 82' lang='lat' dir='ltr'>gratior,</span> <span class='ocrx_word' id='word_1_136' title='bbox 433 2581 533 2652; x_wconf 84' lang='lat' dir='ltr'>quam</span> <span class='ocrx_word' id='word_1_137' title='bbox 547 2557 780 2652; x_wconf 84' lang='lat' dir='ltr'>sapientissimi</span> <span class='ocrx_word' id='word_1_138' title='bbox 792 2557 952 2650; x_wconf 87' lang='lat' dir='ltr'>cujusque</span> <span class='ocrx_word' id='word_1_139' title='bbox 962 2557 1073 2625; x_wconf 87' lang='lat' dir='ltr'>animo</span> <span class='ocrx_word' id='word_1_140' title='bbox 1085 2555 1202 2652; x_wconf 60' lang='lat' dir='ltr'>probab</span> 
     </span>
     <span class='ocr_line' id='line_1_19' title="bbox 132 2661 1200 2760; baseline 0.001 -28"><span class='ocrx_word' id='word_1_141' title='bbox 132 2662 230 2734; x_wconf 90' lang='lat' dir='ltr'>bilior</span> <span class='ocrx_word' id='word_1_142' title='bbox 244 2678 309 2752; x_wconf 91' lang='lat' dir='ltr'>est,</span> <span class='ocrx_word' id='word_1_143' title='bbox 327 2678 444 2760; x_wconf 90' lang='lat' dir='ltr'>utpote</span> <span class='ocrx_word' id='word_1_144' title='bbox 458 2663 663 2758; x_wconf 84' lang='lat' dir='ltr'>frequentius</span> <span class='ocrx_word' id='word_1_145' title='bbox 681 2661 788 2734; x_wconf 88' lang='lat' dir='ltr'>aliena</span> <span class='ocrx_word' id='word_1_146' title='bbox 804 2663 921 2750; x_wconf 89' lang='lat' dir='ltr'>venia,</span> <span class='ocrx_word' id='word_1_147' title='bbox 934 2687 1033 2758; x_wconf 87' lang='lat' dir='ltr'>quarn</span> <span class='ocrx_word' id='word_1_148' title='bbox 1050 2687 1109 2732; x_wconf 87' lang='lat' dir='ltr'>sua</span> <span class='ocrx_word' id='word_1_149' title='bbox 1124 2689 1200 2759; x_wconf 93' lang='lat' dir='ltr'>pro-</span> 
     </span>
     <span class='ocr_line' id='line_1_20' title="bbox 131 2769 1202 2865; baseline 0.003 -29"><span class='ocrx_word' id='word_1_150' title='bbox 131 2769 280 2840; x_wconf 84' lang='lat' dir='ltr'>videntie</span> <span class='ocrx_word' id='word_1_151' title='bbox 297 2785 388 2841; x_wconf 89' lang='lat' dir='ltr'>tuta:</span> <span class='ocrx_word' id='word_1_152' title='bbox 404 2771 462 2840; x_wconf 88' lang='lat' dir='ltr'>sed</span> <span class='ocrx_word' id='word_1_153' title='bbox 476 2772 554 2865; x_wconf 85' lang='lat' dir='ltr'>quia</span> <span class='ocrx_word' id='word_1_154' title='bbox 569 2771 724 2840; x_wconf 82' lang='lat' dir='ltr'>humanae</span> <span class='ocrx_word' id='word_1_155' title='bbox 738 2771 814 2838; x_wconf 81' lang='lat' dir='ltr'>vitae</span> <span class='ocrx_word' id='word_1_156' title='bbox 829 2783 947 2864; x_wconf 86' lang='lat' dir='ltr'>partes·</span> <span class='ocrx_word' id='word_1_157' title='bbox 957 2771 1110 2864; x_wconf 88' lang='lat' dir='ltr'>persequi</span> <span class='ocrx_word' id='word_1_158' title='bbox 1123 2797 1202 2865; x_wconf 92' lang='lat' dir='ltr'>pro-</span> 
     </span>
     <span class='ocr_line' id='line_1_21' title="bbox 130 2873 1200 2972; baseline -0.002 -26"><span class='ocrx_word' id='word_1_159' title='bbox 130 2879 279 2971; x_wconf 89' lang='lat' dir='ltr'>positum</span> <span class='ocrx_word' id='word_1_160' title='bbox 298 2892 364 2965; x_wconf 88' lang='lat' dir='ltr'>est,</span> <span class='ocrx_word' id='word_1_161' title='bbox 382 2892 497 2948; x_wconf 92' lang='lat' dir='ltr'>nostra</span> <span class='ocrx_word' id='word_1_162' title='bbox 516 2873 604 2964; x_wconf 89' lang='lat' dir='ltr'>fide,</span> <span class='ocrx_word' id='word_1_163' title='bbox 620 2874 777 2972; x_wconf 88' lang='lat' dir='ltr'>propria²</span> <span class='ocrx_word' id='word_1_164' title='bbox 797 2877 1011 2945; x_wconf 70' lang='lat' dir='ltr'>estimatione</span> <span class='ocrx_word' id='word_1_165' title='bbox 1029 2875 1200 2946; x_wconf 84' lang='lat' dir='ltr'>referatur.</span> 
     </span>
    </p>

    <p class='ocr_par' dir='ltr' id='par_1_9' title="bbox 130 2970 1204 3504">
     <span class='ocr_line' id='line_1_22' title="bbox 192 2970 1203 3080; baseline -0.002 -26"><span class='ocrx_word' id='word_1_166' title='bbox 192 3007 220 3054; x_wconf 88' lang='lat'>1.</span> <span class='ocrx_word' id='word_1_167' title='bbox 243 2970 426 3053; x_wconf 83' lang='lat' dir='ltr'>Priverno³</span> <span class='ocrx_word' id='word_1_168' title='bbox 448 2998 563 3080; x_wconf 88' lang='lat' dir='ltr'>capto,</span> <span class='ocrx_word' id='word_1_169' title='bbox 583 2982 829 3078; x_wconf 85' lang='lat' dir='ltr'>interfectisque</span> <span class='ocrx_word' id='word_1_170' title='bbox 850 2981 959 3077; x_wconf 82' lang='lat' dir='ltr'>quiid</span> <span class='ocrx_word' id='word_1_171' title='bbox 981 2981 1140 3077; x_wconf 89' lang='lat' dir='ltr'>oppidum</span> <span class='ocrx_word' id='word_1_172' title='bbox 1160 2983 1203 3052; x_wconf 87' lang='lat' dir='ltr'>ad</span> 
     </span>
     <span class='ocr_line' id='line_1_23' title="bbox 130 3087 1203 3184; baseline 0.002 -26"><span class='ocrx_word' id='word_1_173' title='bbox 130 3088 360 3160; x_wconf 90' lang='lat' dir='ltr'>rebellandum</span> <span class='ocrx_word' id='word_1_174' title='bbox 389 3091 628 3178; x_wconf 88' lang='lat' dir='ltr'>incitaverant,</span> <span class='ocrx_word' id='word_1_175' title='bbox 646 3103 779 3159; x_wconf 91' lang='lat' dir='ltr'>senatus</span> <span class='ocrx_word' id='word_1_176' title='bbox 798 3087 1024 3184; x_wconf 78' lang='lat' dir='ltr'>indignatione</span> <span class='ocrx_word' id='word_1_177' title='bbox 1043 3114 1203 3160; x_wconf 87' lang='lat' dir='ltr'>accensus</span> 
     </span>
     <span class='ocr_line' id='line_1_24' title="bbox 130 3194 1202 3292; baseline -0.001 -26"><span class='ocrx_word' id='word_1_178' title='bbox 130 3194 306 3266; x_wconf 91' lang='lat' dir='ltr'>consilium</span> <span class='ocrx_word' id='word_1_179' title='bbox 327 3197 492 3292; x_wconf 82' lang='lat' dir='ltr'>agitabat,</span> <span class='ocrx_word' id='word_1_180' title='bbox 511 3196 669 3291; x_wconf 89' lang='lat' dir='ltr'>quidnam</span> <span class='ocrx_word' id='word_1_181' title='bbox 689 3195 750 3266; x_wconf 86' lang='lat' dir='ltr'>sibi</span> <span class='ocrx_word' id='word_1_182' title='bbox 768 3195 811 3265; x_wconf 91' lang='lat' dir='ltr'>de</span> <span class='ocrx_word' id='word_1_183' title='bbox 828 3194 962 3290; x_wconf 85' lang='lat' dir='ltr'>reliquis</span> <span class='ocrx_word' id='word_1_184' title='bbox 980 3219 1113 3290; x_wconf 79' lang='lat' dir='ltr'>qrroque</span> <span class='ocrx_word' id='word_1_185' title='bbox 1131 3198 1202 3265; x_wconf 67' lang='lat' dir='ltr'>Pri»</span> 
     </span>
     <span class='ocr_line' id='line_1_25' title="bbox 130 3289 1201 3398; baseline 0.002 -28"><span class='ocrx_word' id='word_1_186' title='bbox 130 3304 324 3372; x_wconf 80' lang='lat' dir='ltr'>vernalibus</span> <span class='ocrx_word' id='word_1_187' title='bbox 340 3301 529 3372; x_wconf 87' lang='lat' dir='ltr'>faciendum</span> <span class='ocrx_word' id='word_1_188' title='bbox 541 3317 627 3384; x_wconf 79' lang='lat' dir='ltr'>esset</span> <span class='ocrx_word' id='word_1_189' title='bbox 642 3329 650 3370; x_wconf 93' lang='lat'>:</span> <span class='ocrx_word' id='word_1_190' title='bbox 665 3289 822 3398; x_wconf 79' lang='lat' dir='ltr'>ancipiti⁴</span> <span class='ocrx_word' id='word_1_191' title='bbox 835 3303 935 3398; x_wconf 84' lang='lat' dir='ltr'>igitur</span> <span class='ocrx_word' id='word_1_192' title='bbox 949 3327 1028 3372; x_wconf 90' lang='lat' dir='ltr'>casu</span> <span class='ocrx_word' id='word_1_193' title='bbox 1044 3299 1131 3371; x_wconf 87' lang='lat' dir='ltr'>salus</span> <span class='ocrx_word' id='word_1_194' title='bbox 1146 3327 1201 3372; x_wconf 91' lang='lat' dir='ltr'>eo·</span> 
     </span>
     <span class='ocr_line' id='line_1_26' title="bbox 130 3409 1204 3504; baseline 0.002 -26"><span class='ocrx_word' id='word_1_195' title='bbox 130 3434 207 3478; x_wconf 89' lang='lat' dir='ltr'>rum</span> <span class='ocrx_word' id='word_1_196' title='bbox 222 3409 422 3498; x_wconf 87' lang='lat' dir='ltr'>fluctuabat,</span> <span class='ocrx_word' id='word_1_197' title='bbox 435 3409 553 3480; x_wconf 90' lang='lat' dir='ltr'>eodem</span> <span class='ocrx_word' id='word_1_198' title='bbox 566 3424 717 3504; x_wconf 86' lang='lat' dir='ltr'>tempore</span> <span class='ocrx_word' id='word_1_199' title='bbox 734 3424 768 3479; x_wconf 90' lang='lat' dir='ltr'>et</span> <span class='ocrx_word' id='word_1_200' title='bbox 781 3409 963 3480; x_wconf 87' lang='lat' dir='ltr'>victoribus</span> <span class='ocrx_word' id='word_1_201' title='bbox 976 3423 1011 3478; x_wconf 91' lang='lat' dir='ltr'>et</span> <span class='ocrx_word' id='word_1_202' title='bbox 1025 3410 1117 3480; x_wconf 91' lang='lat' dir='ltr'>iratis</span> <span class='ocrx_word' id='word_1_203' title='bbox 1130 3409 1204 3479; x_wconf 84' lang='lat' dir='ltr'>sub</span> 
     </span>
    </p>
   </div>
   <div class='ocr_carea' id='block_1_9' title="bbox 129 3598 1202 4294">
    <p class='ocr_par' dir='ltr' id='par_1_10' title="bbox 129 3598 1202 4150">
     <span class='ocr_line' id='line_1_27' title="bbox 176 3598 1202 3674; baseline 0.002 -20"><span class='ocrx_word' id='word_1_204' title='bbox 176 3619 202 3654; x_wconf 89' lang='lat' dir='ltr'>r.</span> <span class='ocrx_word' id='word_1_205' title='bbox 213 3602 367 3656; x_wconf 75' lang='lat' dir='ltr'>Libertatem.</span> <span class='ocrx_word' id='word_1_206' title='bbox 382 3603 501 3674; x_wconf 74' lang='lat' dir='ltr'>Ingenua</span> <span class='ocrx_word' id='word_1_207' title='bbox 515 3598 644 3673; x_wconf 84' lang='lat' dir='ltr'>loquendi</span> <span class='ocrx_word' id='word_1_208' title='bbox 687 3602 765 3655; x_wconf 75' lang='lat' dir='ltr'>ritate</span> <span class='ocrx_word' id='word_1_209' title='bbox 777 3615 803 3655; x_wconf 80' lang='lat' dir='ltr'>et</span> <span class='ocrx_word' id='word_1_210' title='bbox 815 3602 912 3656; x_wconf 83' lang='lat' dir='ltr'>merito</span> <span class='ocrx_word' id='word_1_211' title='bbox 921 3602 1050 3654; x_wconf 71' lang='lat' dir='ltr'>aestimare</span> <span class='ocrx_word' id='word_1_212' title='bbox 1058 3619 1107 3656; x_wconf 82' lang='lat' dir='ltr'>nos</span> <span class='ocrx_word' id='word_1_213' title='bbox 1116 3601 1202 3656; x_wconf 75' lang='lat' dir='ltr'>deest.</span> 
     </span>
     <span class='ocr_line' id='line_1_28' title="bbox 129 3681 1198 3754; baseline -0.001 -19"><span class='ocrx_word' id='word_1_214' title='bbox 129 3682 239 3735; x_wconf 76' lang='lat' dir='ltr'>libertas</span> <span class='ocrx_word' id='word_1_215' title='bbox 258 3683 330 3753; x_wconf 84' lang='lat' dir='ltr'>justo</span> <span class='ocrx_word' id='word_1_216' title='bbox 348 3682 409 3734; x_wconf 85' lang='lat' dir='ltr'>loeo</span> <span class='ocrx_word' id='word_1_217' title='bbox 433 3699 529 3754; x_wconf 77' lang='lat' dir='ltr'>magna</span> <span class='ocrx_word' id='word_1_218' title='bbox 549 3699 644 3754; x_wconf 78' lang='lat' dir='ltr'>parm</span> <span class='ocrx_word' id='word_1_219' title='bbox 729 3682 756 3734; x_wconf 83' lang='grc'>3·.</span> <span class='ocrx_word' id='word_1_220' title='bbox 768 3683 892 3735; x_wconf 62' lang='lat' dir='ltr'>Peene.</span> <span class='ocrx_word' id='word_1_221' title='bbox 903 3683 954 3734; x_wconf 79' lang='lat' dir='ltr'>An.</span> <span class='ocrx_word' id='word_1_222' title='bbox 966 3681 1003 3735; x_wconf 87' lang='lat' dir='ltr'>U.</span> <span class='ocrx_word' id='word_1_223' title='bbox 1017 3687 1082 3745; x_wconf 67' lang='lat' dir='ltr'>dil.</span> <span class='ocrx_word' id='word_1_224' title='bbox 1093 3683 1198 3746; x_wconf 83' lang='lat' dir='ltr'>Livius,</span> 
     </span>
     <span class='ocr_line' id='line_1_29' title="bbox 129 3758 1199 3834; baseline -0.001 -19"><span class='ocrx_word' id='word_1_225' title='bbox 129 3759 272 3815; x_wconf 75' lang='lat' dir='ltr'>oommoda</span> <span class='ocrx_word' id='word_1_226' title='bbox 285 3774 311 3814; x_wconf 86' lang='lat' dir='ltr'>et</span> <span class='ocrx_word' id='word_1_227' title='bbox 326 3762 404 3814; x_wconf 76' lang='lat' dir='ltr'>saluti</span> <span class='ocrx_word' id='word_1_228' title='bbox 416 3780 472 3815; x_wconf 83' lang='lat' dir='ltr'>esse</span> <span class='ocrx_word' id='word_1_229' title='bbox 485 3773 585 3834; x_wconf 77' lang='lat' dir='ltr'>potest3</span> <span class='ocrx_word' id='word_1_230' title='bbox 596 3758 643 3814; x_wconf 79' lang='lat' dir='ltr'>red</span> <span class='ocrx_word' id='word_1_231' title='bbox 687 3761 772 3826; x_wconf 82' lang='lat' dir='ltr'>vm,</span> <span class='ocrx_word' id='word_1_232' title='bbox 792 3780 837 3814; x_wconf 75' lang='lat' dir='ltr'>rr.</span> <span class='ocrx_word' id='word_1_233' title='bbox 853 3761 1012 3814; x_wconf 83' lang='lat' dir='ltr'>Privernum</span> <span class='ocrx_word' id='word_1_234' title='bbox 1033 3763 1064 3815; x_wconf 86' lang='lat' dir='ltr'>C.</span> <span class='ocrx_word' id='word_1_235' title='bbox 1080 3761 1199 3818; x_wconf 80' lang='lat' dir='ltr'>Plautius</span> 
     </span>
     <span class='ocr_line' id='line_1_30' title="bbox 130 3841 1038 3914; baseline 0 -20"><span class='ocrx_word' id='word_1_236' title='bbox 130 3859 284 3906; x_wconf 79' lang='lat' dir='ltr'>caveamus,</span> <span class='ocrx_word' id='word_1_237' title='bbox 295 3860 329 3894; x_wconf 86' lang='lat' dir='ltr'>ne</span> <span class='ocrx_word' id='word_1_238' title='bbox 343 3842 372 3894; x_wconf 90' lang='lat' dir='ltr'>in</span> <span class='ocrx_word' id='word_1_239' title='bbox 382 3855 535 3914; x_wconf 79' lang='lat' dir='ltr'>protervam</span> <span class='ocrx_word' id='word_1_240' title='bbox 546 3841 647 3912; x_wconf 77' lang='lat' dir='ltr'>linguar</span> <span class='ocrx_word' id='word_1_241' title='bbox 686 3859 749 3894; x_wconf 86' lang='lat' dir='ltr'>oum</span> <span class='ocrx_word' id='word_1_242' title='bbox 765 3853 823 3894; x_wconf 87' lang='lat' dir='ltr'>toto</span> <span class='ocrx_word' id='word_1_243' title='bbox 835 3841 912 3894; x_wconf 82' lang='lat' dir='ltr'>Latio</span> <span class='ocrx_word' id='word_1_244' title='bbox 926 3841 1038 3912; x_wconf 73' lang='lat' dir='ltr'>subegit.</span> 
     </span>
     <span class='ocr_line' id='line_1_31' title="bbox 130 3919 1202 3993; baseline 0 -19"><span class='ocrx_word' id='word_1_245' title='bbox 130 3921 265 3974; x_wconf 82' lang='lat' dir='ltr'>licentiam</span> <span class='ocrx_word' id='word_1_246' title='bbox 280 3921 374 3987; x_wconf 79' lang='lat' dir='ltr'>abent,</span> <span class='ocrx_word' id='word_1_247' title='bbox 391 3923 456 3974; x_wconf 81' lang='lat' dir='ltr'>Dum</span> <span class='ocrx_word' id='word_1_248' title='bbox 472 3923 529 3974; x_wconf 76' lang='lat' dir='ltr'>uult</span> <span class='ocrx_word' id='word_1_249' title='bbox 546 3922 644 3973; x_wconf 66' lang='lat' dir='ltr'>Menos</span> <span class='ocrx_word' id='word_1_250' title='bbox 728 3926 754 3984; x_wconf 67' lang='grc'>4.</span> <span class='ocrx_word' id='word_1_251' title='bbox 775 3921 896 3993; x_wconf 67' lang='lat' dir='ltr'>Ancipsitr&#39;.</span> <span class='ocrx_word' id='word_1_252' title='bbox 915 3919 985 3985; x_wconf 80' lang='lat' dir='ltr'>Quia</span> <span class='ocrx_word' id='word_1_253' title='bbox 1003 3920 1048 3973; x_wconf 83' lang='lat' dir='ltr'>alii</span> <span class='ocrx_word' id='word_1_254' title='bbox 1065 3919 1094 3973; x_wconf 89' lang='lat' dir='ltr'>in</span> <span class='ocrx_word' id='word_1_255' title='bbox 1106 3932 1202 3974; x_wconf 74' lang='lat' dir='ltr'>senatu</span> 
     </span>
     <span class='ocr_line' id='line_1_32' title="bbox 132 3998 1201 4074; baseline 0.003 -22"><span class='ocrx_word' id='word_1_256' title='bbox 132 4021 197 4052; x_wconf 67' lang='grc' dir='ltr'>πηνα</span> <span class='ocrx_word' id='word_1_257' title='bbox 216 4001 267 4053; x_wconf 77' lang='lat' dir='ltr'>dict</span> <span class='ocrx_word' id='word_1_258' title='bbox 280 4021 385 4074; x_wconf 74' lang='lat' dir='ltr'>veroque</span> <span class='ocrx_word' id='word_1_259' title='bbox 396 4007 483 4055; x_wconf 77' lang='lat' dir='ltr'>or&#39;rtm.</span> <span class='ocrx_word' id='word_1_260' title='bbox 504 4001 597 4055; x_wconf 80' lang='lat' dir='ltr'>llorat.</span> <span class='ocrx_word' id='word_1_261' title='bbox 614 4001 643 4068; x_wconf 89' lang='lat'>1,</span> <span class='ocrx_word' id='word_1_262' title='bbox 685 3998 855 4071; x_wconf 81' lang='lat' dir='ltr'>perdendos,</span> <span class='ocrx_word' id='word_1_263' title='bbox 871 4001 915 4054; x_wconf 81' lang='lat' dir='ltr'>alii</span> <span class='ocrx_word' id='word_1_264' title='bbox 937 3998 1080 4054; x_wconf 65' lang='lat' dir='ltr'>mandor</span> <span class='ocrx_word' id='word_1_265' title='bbox 1094 3998 1201 4072; x_wconf 81' lang='lat' dir='ltr'>judiea-</span> 
     </span>
     <span class='ocr_line' id='line_1_33' title="bbox 133 4078 1200 4150; baseline 0.006 -20"><span class='ocrx_word' id='word_1_266' title='bbox 133 4081 182 4150; x_wconf 81' lang='lat' dir='ltr'>lip.</span> <span class='ocrx_word' id='word_1_267' title='bbox 198 4083 242 4135; x_wconf 70' lang='grc' dir='ltr'>ιθ.</span> <span class='ocrx_word' id='word_1_268' title='bbox 685 4081 765 4146; x_wconf 76' lang='lat' dir='ltr'>bont,</span> <span class='ocrx_word' id='word_1_269' title='bbox 783 4082 852 4136; x_wconf 85' lang='lat' dir='ltr'>salus</span> <span class='ocrx_word' id='word_1_270' title='bbox 862 4099 956 4135; x_wconf 82' lang='lat' dir='ltr'>eorum</span> <span class='ocrx_word' id='word_1_271' title='bbox 971 4081 999 4134; x_wconf 91' lang='lat' dir='ltr'>in</span> <span class='ocrx_word' id='word_1_272' title='bbox 1014 4078 1098 4135; x_wconf 85' lang='lat' dir='ltr'>dubio</span> <span class='ocrx_word' id='word_1_273' title='bbox 1109 4099 1200 4136; x_wconf 79' lang='lat' dir='ltr'>verre·</span> 
     </span>
    </p>

    <p class='ocr_par' dir='ltr' id='par_1_11' title="bbox 176 4161 774 4233">
     <span class='ocr_line' id='line_1_34' title="bbox 176 4161 774 4233; baseline 0.003 -19"><span class='ocrx_word' id='word_1_274' title='bbox 176 4161 643 4233; x_wconf 76' lang='lat' dir='ltr'>2.Pmpria.Eam‚sioutest,prove·</span> <span class='ocrx_word' id='word_1_275' title='bbox 686 4161 774 4216; x_wconf 83' lang='lat' dir='ltr'>batur.</span> 
     </span>
    </p>

    <p class='ocr_par' dir='ltr' id='par_1_12' title="bbox 1027 4253 1041 4294">
     <span class='ocr_line' id='line_1_35' title="bbox 1027 4253 1041 4294; baseline 0 0"><span class='ocrx_word' id='word_1_276' title='bbox 1027 4253 1041 4294; x_wconf 75' lang='grc'><strong><em>3</em></strong></span> 
     </span>
    </p>
   </div>
   <div class='ocr_carea' id='block_1_10' title="bbox 971 4291 1017 4364">
    <p class='ocr_par' dir='ltr' id='par_1_13' title="bbox 971 4291 1017 4364">
     <span class='ocr_line' id='line_1_36' title="bbox 971 4291 1017 4364; baseline 0 0"><span class='ocrx_word' id='word_1_277' title='bbox 971 4291 1017 4364; x_wconf 78' lang='lat'>27</span> 
     </span>
    </p>
   </div>
   <div class='ocr_carea' id='block_1_11' title="bbox 0 0 1588 5124">
    <p class='ocr_par' dir='ltr' id='par_1_14' title="bbox 0 0 1588 5124">
     <span class='ocr_line' id='line_1_37' title="bbox 0 0 1588 5124; baseline 0 1"><span class='ocrx_word' id='word_1_278' title='bbox 0 0 1588 5124; x_wconf 95' lang='lat' dir='ltr'> </span> 
     </span>
    </p>
   </div>
  </div>
 </body>
</html>
