3168 5124
412 513 487 604 452
592 513 814 584 VALERll
849 511 1061 580 ΜΑΧΙΜΙ
1094 511 1191 578 LIB.
1227 511 1290 578 VI.

470 645 501 722 5.
524 647 629 740 Cujus
642 639 680 714 ut
692 645 735 713 ad
755 643 856 713 alium
876 667 969 737 aeque
987 641 1149 712 illustrem
1167 639 1296 710 actum¹
1315 655 1489 737 transgre-

413 757 497 844 diar,
507 755 570 824 Cn.
581 753 761 838 Domitius,
769 749 923 820 tribunus
936 748 1053 844 plebis,
1065 751 1112 817 M.
1124 751 1285 818 Scaurum
1297 751 1488 844 principem

412 863 555 934 civitatis
573 859 613 928 irr
620 858 782 953 judicium
803 855 919 952 populi
940 856 1136 926 devocavit:
1153 871 1206 942 ut,
1228 857 1255 924 si
1274 855 1405 924 fortuna
1416 856 1488 925 -ad-

413 971 587 1065 spirasset,
606 967 721 1049 ruina;
737 965 787 1034 sin
802 964 933 1050 minus,
951 978 1041 1034 certe
1061 964 1132 1058 ipsa
1150 963 1389 1032 obtrectatione
1407 989 1486 1032 am-

413 1075 552 1172 plissimi
573 1073 636 1142 viri
650 1073 893 1141 incrementum
911 1067 1069 1140 claritatis
1085 1069 1370 1166 apprehenderet3
1388 1071 1487 1163 cujus

413 1179 623 1278 opprimendi
644 1203 748 1273 quum
766 1201 897 1248 summo
916 1176 1026 1246 studio
1044 1176 1217 1271 flagraret,
1234 1201 1349 1245 servus
1367 1179 1486 1246 Scauri

365 1323 368 1333 ·
412 1289 547 1358 adeum
566 1299 668 1356 noctu
688 1285 858 1380 pervenit,
876 1289 1115 1352 rasuucturum
1135 1309 1172 1352 se
1190 1282 1265 1376 eJiu
1283 1289 1484 1352 accusatib-

410 1419 487 1466 uem
500 1395 613 1464 multu
624 1408 660 1461 et
667 1390 831 1486 gravibus
840 1390 971 1460 domito·
979 1389 1174 1459 criminibus
1183 1391 1392 1485 promittens.
1403 1393 1485 1460 Erat

412 1505 446 1572 in
460 1501 578 1572 eodem
593 1513 729 1595 pectore
745 1498 913 1585 inimicus,
926 1511 961 1566 ct
977 1499 1145 1567 Domitius
1153 1495 1176 1586 ²,
1187 1497 1320 1566 diversa
1338 1499 1482 1566 aestima-

410 1611 500 1679 tione
515 1606 677 1676 nefarium
694 1604 852 1674 indicium
871 1603 1098 1698 perpendens3
1111 1603 1236 1696 justitia
1254 1606 1337 1672 vicit
1350 1603 1482 1673 odium:

395 1715 569 1812 ,continuo
581 1714 712 1781 enimet
724 1711 790 1780 suis
808 1711 943 1780 auribus
955 1710 1133 1797 obseratis,
1151 1725 1185 1778 et
1196 1709 1314 1780 indicis
1327 1735 1387 1780 ore
1402 1710 1482 1780 clau

410 1849 468 1907 so,
488 1821 659 1890 damietam
678 1817 731 1888 ud
747 1821 914 1888 Scaurum
927 1817 1033 1910 jussit
1050 1819 1287 1886 Accusatorem
1306 1819 1411 1886 etiam
1427 1843 1481 1886 reo

411 1954 488 2018 suo,
505 1953 548 1996 ne
563 1925 671 1996 dicam
688 1922 907 2019 diligendum,
923 1937 1013 1994 certe
1028 1921 1250 1993 laudandum:
1264 1949 1369 2018 quern
1387 1949 1482 2020 popu

455 2148 591 2203 1.Actwn.
605 2143 921 2214 sict.v111,c.7‚ext2.
968 2163 1029 2196 mum
1043 2182 1050 2206 ‚
1074 2147 1240 2196 incrementum
1254 2145 1380 2195 claritatis
1400 2162 1481 2214 appre-

411 2231 472 2284 Vox
490 2229 551 2293 illa,
566 2245 625 2299 qua
640 2225 775 2278 invenitur
791 2225 820 2277 in
835 2221 922 2276 trede-
967 2225 1092 2288 incudm,
1118 2223 1147 2278 id
1170 2237 1225 2288 est,
1244 2224 1303 2296 ipse
1332 2223 1482 2277 inclaresce-

411 2311 462 2363 cim
477 2307 552 2360 MSS.
566 2291 707 2370 Torrenii,
722 2305 749 2356 in
765 2302 922 2376 quibusdam
966 2317 1016 2358 ret.

412 2389 469 2442 aliis
480 2387 621 2440 omittitur.
631 2385 709 2438 Male.
715 2385 806 2450 Quum
815 2385 886 2436 enim
894 2385 922 2436 in
1011 2403 1036 2438 a.
1058 2385 1183 2446 Inimicus,
1197 2395 1224 2436 et
1235 2385 1370 2436 Domitius.
1384 2383 1481 2435 Omnes

411 2469 549 2539 superiore
567 2466 690 2536 exemplo
707 2483 763 2517 non
781 2475 869 2516 actum
889 2465 923 2517 ait
967 2463 1396 2524 sereeodd.iaimicusetDomitms,
1409 2464 1479 2514 erdo-

411 2547 445 2600 de
458 2546 566 2600 bomine
582 2563 651 2610 uno,
665 2543 711 2596 sed
726 2543 761 2597 de
772 2556 828 2596 toto
840 2545 922 2597 tribu·
968 2550 1052 2598 mrbus.
1074 2543 1199 2598 Abundat
1222 2563 1287 2597 vero
1312 2556 1339 2595 et
1363 2544 1478 2594 λαιὰω.

412 2645 508 2680 norum
522 2625 649 2696 collegio,
660 2635 752 2676 auctor
763 2622 852 2677 dicere
868 2643 922 2676 non
967 2625 1051 2692 Nam,
1066 2638 1096 2678 ut
1109 2625 1177 2678 inl'ra
1192 2622 1273 2677 docet
1289 2635 1391 2688 noster,
1401 2626 1479 2692 jasti-

411 2717 499 2779 poteet
511 2723 539 2758 se
551 2701 585 2757 ad
597 2705 671 2756 alium
684 2704 798 2755 iomimm
813 2707 921 2758 transire.
968 2709 1003 2757 tia
1015 2709 1077 2756 aicit
1085 2703 1179 2766 odam,
1191 2701 1266 2775 quod
1276 2705 1341 2756 bene
1351 2705 1479 2772 congruit

410 2819 452 2830 -
463 2787 595 2838 Domitius.
607 2784 659 2836 An.
674 2785 710 2836 U.
721 2785 788 2837 650.
801 2783 857 2836 Cic·
869 2802 921 2854 pro
966 2803 1029 2838 cum
1038 2783 1140 2856 duplici
1149 2803 1214 2837 voce
1228 2787 1339 2842 immicus,
1350 2795 1375 2832 er
1385 2783 1476 2832 Douri-

411 2868 499 2938 Dejot.
523 2883 563 2918 11.
582 2863 634 2916 Hic
653 2863 787 2916 Domitius
802 2865 923 2935 pontifex
967 2867 1022 2917 tias.
1031 2867 1101 2918 Dum
1110 2863 1181 2917 euim
1196 2862 1328 2916 inimicitia
1338 2861 1473 2932 etjnstitia

411 2967 480 3000 max.
495 2946 556 2998 luit.
572 2944 700 2996 Scaurum
712 2955 799 2996 autem
818 2962 922 2996 accusa·
967 2945 1037 2998 iuter
1047 2963 1075 2996 se
1085 2943 1264 3008 decertarent,
1277 2942 1475 3008 Domitium-

411 3028 450 3080 vit
464 3027 514 3078 bac
531 3023 565 3076 de
581 3041 658 3076 causa
670 3043 676 3075 ι
687 3043 740 3076 coe.
754 3041 817 3076 cum
832 3023 922 3076 Cassio
966 3037 1028 3096 pote
1043 3027 1118 3096 cujus
1133 3037 1209 3077 autea
1223 3024 1278 3078 rita
1295 3023 1382 3074 luerat
1395 3021 1478 3074 bone·

411 3107 511 3170 iuit‚et
524 3121 607 3176 quum
617 3117 684 3156 esset
697 3105 759 3156 trib.
774 3103 826 3174 pl.,
841 3103 923 3156 iratus
966 3103 1093 3171 ctissime,
1107 3105 1215 3176 ponitur
1224 3123 1274 3175 pro
1286 3103 1346 3172 ipso
1356 3104 1416 3173 ejus
1430 3102 1474 3154 bo·

411 3186 524 3252 Scauro,
533 3181 606 3254 quod
615 3201 676 3235 eum
685 3183 714 3235 in
724 3201 855 3254 augurum
870 3183 923 3234 col·
966 3197 1042 3236 nesto
1057 3185 1160 3250 animo,
1175 3203 1226 3255 pro
1237 3186 1346 3253 justitia.
1360 3183 1406 3235 Sic
1420 3201 1470 3254 pes·

411 3265 509 3338 legium
529 3281 583 3316 non
603 3275 787 3334 coaptaverat,
810 3260 882 3314 diem
898 3261 922 3314 ei
966 3263 1016 3316 sim
1027 3281 1126 3317 nomen
1139 3261 1276 3335 cujusdam
1287 3259 1472 3334 usurpatmad

410 3343 480 3398 dixit
489 3342 523 3398 ad
534 3341 842 3414 populum,etmulctam
854 3341 922 3393 irro-
965 3345 1077 3414 probos,
1091 3345 1133 3397 vel
1149 3343 1285 3414 improbos
1305 3343 1380 3395 illius
1394 3361 1475 3394 mores

410 3426 496 3496 gavit,
509 3421 583 3495 quod
598 3423 653 3493 ejus
663 3439 744 3493 opera
756 3439 827 3473 sacra
840 3421 923 3474 multa
966 3421 1221 3477 commemorandos.
1229 3421 1299 3475 Vide
1309 3442 1351 3476 ex.
1360 3443 1388 3494 g.
1401 3424 1443 3489 11,
1452 3443 1475 3491 9,

409 3505 504 3578 popul.
517 3523 585 3556 rom.
597 3501 737 3554 imminuta
748 3519 802 3552 essa
814 3499 922 3554 diceret.
968 3503 1095 3568 3;V111‚
1114 3506 1148 3570 8,
1165 3523 1199 3568 η
1214 3503 1271 3556 Cic·
1288 3503 1360 3556 Pbil.
1376 3503 1432 3568 vt,
1449 3505 1476 3564 3;

411 3583 525 3639 Crimini
536 3580 921 3652 dabat,aacrapublicapopul.
965 3583 1150 3654 Plin..paneg.
1172 3603 1198 3654 p.
1228 3582 1274 3636 23.
1300 3581 1356 3636 Sed
1376 3583 1411 3635 ab
1430 3583 1477 3636 boc

410 3683 478 3719 rom.
495 3665 581 3716 Deum
595 3673 737 3732 penatum,
748 3678 806 3731 quae
818 3661 922 3712 Lavinit
966 3681 1043 3715 sensu
1061 3663 1187 3716 abhorret
1200 3663 1326 3724 domium,
1341 3661 1418 3735 quod
1432 3683 1477 3734 po-

410 3745 520 3808 fierent,
535 3741 689 3813 imperfecte
703 3741 762 3794 lieri
776 3771 817 3781 -
832 3741 921 3794 Ruina.
966 3742 1018 3794 tius
1028 3741 1199 3812 significaret,
1208 3755 1374 3796 metuentem
1387 3743 1476 3796 nasibi

410 3823 493 3880 Aldus
511 3823 574 3893 legit
591 3825 699 3882 ruinam,
716 3821 753 3873 ita
770 3831 800 3872 ut
815 3818 848 3872 ad
862 3840 921 3873 ver·
966 3821 1030 3874 item
1038 3823 1134 3874 domino
1142 3823 1227 3876 simile
1235 3822 1387 3894 quidquam
1402 3842 1478 3876 aser

408 3906 473 3958 bum
494 3901 667 3975 apprehendere
684 3901 823 3972 pertineat.
847 3899 921 3964 Quid
964 3901 1005 3955 vis
1018 3902 1152 3968 eveniret,
1166 3903 1216 3956 tale
1230 3905 1299 3956 servi
1313 3903 1477 3956 facinusim·

409 4003 473 4038 vero
484 3982 613 4054 significat
622 3985 714 4034 ruinam
729 3980 921 4051 apprehendere?
964 3981 1133 4053 probandum
1149 3983 1316 4036 existimasse.
1325 3984 1477 4036 -otm

408 4063 495 4116 Multo
511 4062 604 4115 melius
615 4067 698 4124 ruma,
711 4079 772 4113 nam
783 4059 920 4114 manifeste
965 4067 1003 4115 tis.
1018 4063 1059 4115 Ne
1080 4060 1183 4115 audiret
1196 4063 1265 4116 servi
1279 4075 1377 4116 contra
1391 4062 1476 4116 domi·

407 4161 497 4196 sensus
515 4155 572 4194 est:
592 4154 623 4194 ut
641 4138 794 4213 perdendo,
810 4139 851 4192 sin
868 4140 919 4192 mi-
962 4161 1027 4195 num
1051 4141 1218 4198 delationem.
1244 4175 1285 4186 —
1305 4143 1409 4197 Indicis.
1422 4139 1475 4194 Atii

406 4241 474 4287 nus,
502 4219 674 4274 obtrectando
699 4224 778 4272 nimm
800 4219 919 4290 amplissi·
956 4223 1061 4292 judicis,
1077 4223 1164 4276 miuus
1177 4223 1251 4276 bene.
