3168 5124
174 522 268 590 CAP.
297 519 350 607 ll,
377 521 440 588 DE
468 519 632 588 LIBERE
660 519 779 588 DICT.
809 519 900 588 AUT
927 519 1049 590 FACT.
1113 513 1189 604 425

120 668 251 725 centem
264 654 369 749 gratia
380 653 529 748 Pompeii
540 651 668 721 videret
678 652 775 746 eripi,
783 650 924 746 juvenili
935 653 1062 747 impetu
1075 673 1114 720 ac
1128 663 1193 720 stu·

120 761 176 831 dio
192 761 411 830 accusationis
430 771 625 854 provectus,
642 757 747 828 multa
765 773 798 828 et
814 760 928 854 gravia
945 759 1085 829 crimina
1102 781 1192 852 prae·

119 869 250 963 potenti
270 865 436 936 defensori
457 865 589 960 objecit.
608 868 837 962 Interrogatus
854 864 973 936 deinde
991 865 1034 934 ab
1052 889 1113 950 eo,
1131 887 1195 933 cur

119 999 158 1042 se
172 999 309 1069 qnoque
324 997 394 1042 non
412 988 615 1042 accresceret:
635 989 653 1024 <t
670 975 746 1060 Da,
771 973 892 1067 inquit,
915 971 1057 1070 praedes¹
1075 972 1192 1067 reipu-

118 1079 232 1170 blicae,
250 1095 300 1168 te,
316 1082 343 1150 si
357 1079 542 1174 postulatus
560 1079 681 1166 fareris,
696 1077 792 1149 civile
805 1078 929 1149 bellum
946 1103 1015 1148 non
1031 1079 1190 1148 excitatu-

121 1213 197 1256 rum
211 1213 218 1256 :
234 1189 332 1257 etiam
346 1187 388 1256 de
403 1201 461 1256 tuo
474 1189 586 1282 prius,
599 1208 700 1281 quam
716 1184 757 1254 de
772 1185 900 1255 Manilii
914 1187 1021 1281 capite
1033 1185 1068 1252 in
1083 1184 1191 1254 consi·

122 1291 201 1362 lium
223 1291 370 1388 judices¹
389 1296 528 1363 mittam.
545 1322 563 1358 ι
579 1295 632 1362 Ita
652 1291 769 1362 eodem
787 1291 912 1386 judicio
930 1293 1015 1362 duos
1037 1291 1193 1360 sustinuit

121 1425 196 1469 reos
213 1426 220 1468 :
238 1401 450 1471 accusatione
474 1399 671 1487 Manilium,
689 1397 840 1468 libertate
860 1400 1072 1495 Pompeium
1088 1411 1122 1466 et
1136 1422 1191 1466 eo·

121 1531 197 1575 rum
209 1505 350 1577 alterurn
364 1506 436 1602 lege
450 1491 606 1602 peregit³,
619 1505 759 1576 alterum
772 1505 977 1602 proscssione
987 1561 996 1596 ‚
1005 1529 1071 1601 qua
1085 1502 1193 1574 solum

122 1628 263 1707 poterat.

180 1716 212 1789 5.
231 1718 321 1809 Quid
337 1717 444 1814 ergo?
459 1718 593 1789 libertas
611 1721 682 1790 sine
696 1721 825 1790 Catone
836 1717 852 1788 l
862 1721 940 1790 Non
954 1721 1075 1816 magis,
1092 1741 1194 1812 quam

123 1827 210 1895 Cato
232 1827 303 1894 sine
323 1813 506 1910 libertate⁴3
524 1849 601 1895 nam
624 1851 728 1920 quum
743 1827 777 1895 in
791 1841 978 1897 senatorem
998 1807 1193 1896 nocentcm⁵

124 1947 158 2000 et
175 1931 351 2019 infamem,
367 1957 472 2020 reum,
481 1932 583 2028 judex
597 1933 750 2020 sedisset,
763 1931 955 2028 tabellaque
970 1937 1033 2003 Cn.
1043 1930 1194 2026 Pompeii

125 2036 351 2108 laudationem
368 2040 439 2134 ejus
450 2041 656 2116 continentes
670 2037 807 2135 prolatae
825 2055 948 2128 essent,
960 2038 1078 2135 procul
1092 2037 1194 2108 dubio

124 2143 278 2214 efficaces
304 2145 424 2216 futurae
446 2173 508 2242 pro
530 2148 654 2232 noxio,
682 2145 850 2217 submovit
872 2171 927 2216 cas
949 2173 968 2217 c
988 2147 1168 2242 quaestione
1180 2197 1192 2231 ,

124 2249 232 2344 legem
254 2253 450 2340 recitando,
471 2277 536 2347 qua
559 2267 694 2322 cautum
714 2268 807 2342 erat,
828 2278 873 2323 ne
894 2251 1111 2323 senatoribus
1132 2251 1199 2320 tals·

125 2359 260 2426 aazias
274 2365 327 2428 nti
341 2361 463 2428 liceret.
485 2361 573 2429 Huic
588 2359 677 2429 facto
695 2383 836 2455 persona
853 2358 1104 2430 admirationem
1119 2357 1196 2428 ade·

125 2464 207 2552 mit;
224 2488 301 2533 nam
318 2490 392 2559 quae
413 2467 448 2534 in
469 2465 534 2534 alio
552 2465 692 2536 audacia
709 2465 895 2552 videretur,
913 2468 947 2536 in
965 2470 1094 2538 Catone
1111 2464 1197 2534 lidu-

126 2595 177 2640 cia
200 2573 422 2669 cognoscitur.

180 2674 215 2746 6.
238 2679 301 2747 Cn.
320 2677 482 2748 Lentulus
496 2678 710 2749 Marcellinus
729 2678 844 2749 consul
853 2665 878 2768 ⁶,
893 2704 997 2775 quum
1011 2681 1046 2747 in
1064 2680 1195 2750 concio·

125 2867 205 2933 sisse,
217 2880 247 2920 ut
256 2869 379 2940 nonipse
390 2871 533 2936 innocens,
543 2868 589 2924 sed
597 2873 640 2943 ju·
684 2871 863 2936 stulaturum,
885 2883 912 2924 et
933 2872 963 2923 in
978 2873 1021 2943 jus
1041 2882 1195 2924 tracturum.

125 2945 199 3002 dices
214 2950 342 3021 pejerasse
357 2951 579 3004 existimarentur.
725 2956 753 3014 4.
773 2951 904 3003 Libertate.
926 2951 978 3003 An.
1000 2949 1037 3004 U.
1060 2969 1128 3020 7⁰²·
1144 2949 1196 3004 Dio

172 3046 196 3080 ι.
210 3029 318 3081 Proedes.
334 3030 457 3083 Varrone
470 3044 497 3083 et
512 3031 589 3084 Festo
603 3043 641 3083 te-
683 3031 741 3083 xt..
759 3031 830 3084 Plut.
846 3030 875 3083 in
895 3030 1024 3101 Pompeio
1042 3041 1069 3082 et
1086 3030 1197 3084 Catone.

126 3107 225 3172 stibus,
234 3129 299 3179 proes
310 3123 433 3175 vocatur,
442 3111 489 3181 qui
500 3129 528 3163 se
541 3111 641 3182 obligat
727 3109 754 3164 ⁵.
776 3111 915 3164 Nocentem.
939 3109 1069 3163 Scaurum
1089 3110 1177 3162 ioman
1190 3147 1199 3174 ,

127 3187 229 3258 populo
241 3188 473 3261 interrogatusque
484 3191 642 3262 amagistra·
685 3190 732 3262 qui
741 3209 755 3243 a
765 3191 875 3244 tribuno
884 3191 920 3263 pl.
931 3189 1101 3244 accusabatur
1110 3229 1118 3258 ,
1126 3187 1200 3261 quod

128 3280 176 3320 tu:
192 3270 215 3319 si
230 3288 295 3338 proes
307 3273 361 3320 sit?
380 3267 542 3341 respondet:
556 3271 641 3322 Proes!
685 3271 827 3342 pecuniam
853 3271 996 3343 accepisset
1013 3288 1029 3322 a
1048 3269 1200 3340 Iugurtha,

128 3380 165 3391 -
178 3348 319 3402 postulatus
324 3350 412 3417 saeris.
425 3349 553 3405 Criminis
563 3351 592 3403 in
602 3351 643 3422 ju·
685 3369 769 3422 quum
780 3351 904 3423 princeps
918 3349 1057 3422 legationis
1069 3362 1150 3414 esset,
1159 3350 1200 3403 vel

128 3425 201 3480 dicio
215 3442 359 3484 accusatus.
686 3427 760 3502 quod
774 3428 872 3484 Sardos
885 3431 1031 3502 expilasset.
1039 3429 1118 3483 Tunc
1132 3430 1199 3484 Cato

172 3527 197 3560 s.
213 3508 320 3563 ludices.
337 3510 418 3563 Multi
431 3508 506 3563 MSS.
523 3512 548 3562 in
563 3514 641 3562 consi·
685 3511 811 3582 princeps
821 3509 915 3582 judicii
927 3522 992 3564 erat.
1001 3510 1145 3582 Pompeius
1156 3529 1202 3563 au-

129 3587 362 3658 liumjndicinmvel
368 3589 478 3660 judicum
491 3592 583 3642 nuttam
594 3628 602 3654 ,
612 3602 643 3643 ut
687 3604 741 3644 tem
757 3591 919 3662 proconsul,
937 3609 1021 3661 quum
1037 3590 1129 3643 venire
1144 3609 1200 3642 non

129 3665 215 3720 videri
228 3669 312 3738 possit
319 3669 438 3738 judicium
454 3669 497 3722 hic
508 3688 559 3741 pro
569 3667 643 3742 judi·
686 3683 775 3742 posset
794 3671 824 3724 in
845 3671 959 3737 urbem,
980 3670 1088 3724 tabellas
1111 3671 1201 3734 misit,

129 3747 205 3800 cibus
217 3745 286 3812 dici,
296 3761 326 3802 ut
338 3749 423 3813 vm,
441 3749 477 3814 3,
497 3769 521 3803 ι.
538 3749 643 3804 Verum
687 3768 746 3821 quae
762 3749 854 3804 Scauri
869 3748 959 3803 laudes
974 3750 1163 3816 continebant;
1176 3763 1203 3804 at

129 3827 198 3880 nihil
214 3845 282 3897 opus
297 3841 345 3881 est.
687 3830 745 3882 illas
756 3827 1202 3901 Cato,quodexabsentiumlaude

171 3907 198 3961 3.
221 3908 329 3977 Peregit.
347 3907 488 3974 Convicit,
503 3921 597 3980 atque,
613 3919 644 3962 ut
688 3909 817 3962 auxilium
838 3923 928 3982 petere
944 3910 987 3962 lex
1003 3909 1122 3974 vetabat,
1139 3911 1202 3964 snb·

129 3984 314 4054 damnaretur,
324 3987 420 4041 effecit.
431 4019 472 4030 —-
481 3989 642 4056 ij‘essione.
688 3990 781 4042 movit.

131 4065 212 4130 Quod
227 4067 310 4121 libere
326 4067 517 4138 profiteretur,
533 4088 577 4134 se,
592 4067 643 4122 nisi
731 4073 757 4122 6.
774 4068 874 4122 Consul.
889 4072 939 4121 An.
953 4068 988 4122 U.
1007 4072 1073 4139 697.
1090 4068 1202 4140 Dionys.

129 4159 281 4213 vereretur,
295 4167 329 4201 ne
340 4148 484 4220 Pompeius
499 4148 577 4202 civile
590 4148 646 4202 bel·
689 4145 818 4202 XXXIX.
831 4148 958 4214 Factum,
971 4167 1055 4220 quum
1070 4148 1203 4202 triumviri

128 4224 186 4278 lum
205 4228 345 4295 excitaret,
362 4229 450 4301 ipsum
468 4247 576 4302 quoque
594 4247 644 4300 po·
689 4228 803 4300 reipubl.
812 4229 949 4284 constituti
957 4229 1109 4302 Pompeius,
1117 4229 1203 4284 Caesar·
