3184 5132
268 527 379 596 cnr.
407 527 482 612 vi,
513 526 581 594 nn
609 523 837 596 sarran.
866 525 1057 595 msam.
1126 551 1197 624 ης)

130 657 332 730 descendere
352 656 517 746 solebant,
538 681 639 752 quarn
658 654 764 726 tibiae¹
787 671 969 744 concentu,
991 672 1024 726 et
1042 665 1199 754 anapaesti

130 765 225 863 pedis
241 764 377 834 modulo
395 763 632 834 cohortationis
646 762 790 834 calorem
807 764 918 832 animo
933 766 1123 852 traxissent,
1142 793 1198 836 ve·

131 887 211 968 geto
229 886 263 940 et
279 872 398 942 crebro
417 872 500 940 lctus
519 895 601 940 sono
617 885 749 938 strenue
766 869 896 939 hostem
910 871 1065 940 invadere
1083 873 1197 944 admo·

132 981 204 1048 niti.
223 978 328 1047 Iidem
353 978 395 1046 ad
422 975 694 1046 dissimulandum
716 991 749 1044 et
767 975 1000 1046 occultandum
1023 978 1199 1050 vulnerum

133 1110 271 1154 suorum
289 1109 460 1170 cruorem,
488 1080 656 1178 p'uniceis²
681 1084 714 1150 in
733 1081 845 1177 praelio
864 1085 982 1152 tunicis
1002 1085 1199 1172 utebantur,

132 1217 218 1278 non,
245 1215 287 1259 ne
309 1191 387 1285 ipsis
409 1189 585 1284 adspectus
608 1189 678 1282 ejus
705 1203 885 1278 terrorem,
908 1189 1028 1260 sedne
1050 1191 1200 1264 hostibus

133 1297 263 1366 fiducie
285 1295 407 1391 aliquid
428 1295 571 1364 afferret.

190 1401 223 1474 3.
239 1406 396 1498 Egregios
415 1403 544 1471 virtutis
564 1399 689 1470 bellicae
708 1403 842 1496 spiritus
857 1402 1201 1494 Lacedaemoniorum,

133 1509 378 1606 prudentissimi
402 1510 492 1602 pacis
519 1509 667 1577 moribus
691 1509 905 1578 Athenienses
928 1509 1200 1602 subsequuntur:

133 1615 224 1710 apud
243 1641 325 1710 quos
348 1599 483 1683 inertia³
507 1639 525 1682 e
544 1612 677 1682 latebris
695 1617 778 1701 suis,
800 1613 959 1712 languore
980 1640 1146 1702 marcens,
1168 1621 1202 1686 in

133 1723 246 1791 forum
274 1721 410 1816 perinde
432 1744 471 1789 ac
492 1717 648 1790 delictum
669 1719 801 1814 aliquod
828 1721 1049 1815 protrahitur,
1081 1721 1201 1816 litque,

134 1843 174 1897 ut
196 1828 403 1912 facinorose,
421 1827 467 1894 ita
487 1825 718 1894 erubescenda
737 1849 793 1893 rea
811 1826 926 1920 culpae.

191 1937 225 2020 4.
244 1931 402 2025 Ejusdem
418 1931 510 1998 urbis
526 1931 767 2000 sanctissimum
791 1919 984 2000 consilium⁴
1005 1957 1205 2029 areopagus,

182 2145 206 2178 r.
224 2123 309 2177 Tibiae.
320 2119 491 2194 Thucydides
500 2121 651 2186 refert,1.a·
693 2121 732 2174 rei
753 2140 844 2174 coram
860 2124 1016 2194 areopagitis
1037 2145 1139 2181 causam
1160 2129 1202 2184 dl.

137 2204 314 2260 cedmonios
330 2221 385 2255 nou
406 2201 530 2254 cornibus
546 2201 649 2252 tubisre
692 2220 761 2253 xere.
782 2201 896 2272 Singulis
911 2201 1055 2257 admodum
1073 2210 1148 2260 annis
1163 2213 1202 2264 ci.

136 2285 256 2338 animum
269 2278 464 2344 excitasse‚sed
476 2279 564 2351 potius
576 2279 647 2331 sitta·
691 2299 736 2334 ves
752 2299 840 2333 coram
858 2279 960 2351 judicio
980 2301 1035 2336 sese
1054 2287 1200 2358 sistebant,

135 2385 190 2416 rum
201 2361 315 2415 modulis
325 2374 489 2432 temperasse.
499 2359 572 2412 Nihil
581 2357 647 2412 adeo
690 2360 819 2412 rationem
829 2359 976 2429 reddituri,
986 2363 1029 2416 cui
1040 2367 1090 2418 srti
1101 2370 1161 2438 quis
1172 2392 1200 2426 se

134 2445 164 2498 in
173 2443 327 2516 praeliorum
337 2439 474 2512 principiis
481 2437 514 2490 sd
521 2439 647 2492 virtutem
689 2438 803 2492 dedisset
812 2459 881 2511 ,quo
894 2454 994 2511 questu
1005 2445 1086 2498 vitam
1104 2449 1198 2504 tolera-

134 2525 299 2594 salutemque
313 2520 400 2592 aptius
412 2519 463 2572 rati
477 2531 554 2582 sunt,
566 2537 646 2589 quam
689 2533 737 2572 ret.
759 2521 797 2572 Ita
818 2521 890 2574 enim
910 2520 1074 2577 existimabat
1093 2530 1198 2599 sapien.

134 2606 157 2658 si
171 2602 322 2656 mitioribus
331 2600 403 2654 sonis
414 2599 553 2670 permulsi,
564 2599 646 2651 animi
688 2600 803 2652 tissimus
815 2601 944 2672 populus,
955 2603 1036 2655 vitam
1053 2605 1081 2657 in
1094 2609 1197 2664 actione

135 2682 262 2738 ferociam
277 2681 434 2750 mitigarent.
455 2679 534 2732 Plura
549 2679 598 2732 hac
612 2676 646 2732 de
688 2680 844 2750 consistere,
853 2681 973 2752 ignavam
987 2683 1091 2754 plebem
1103 2706 1117 2739 a
1131 2691 1196 2742 ciri-

133 2783 165 2818 re
177 2763 228 2834 leg.
244 2759 314 2833 apud
327 2761 396 2814 Gell.
409 2759 440 2824 1,
458 2777 501 2812 11.
516 2791 558 2802 —
572 2759 645 2812 Ars·
688 2761 748 2813 tatis
772 2777 824 2812 sors
845 2761 1021 2831 penetralibus
1046 2767 1195 2824 mandam,

131 2847 215 2916 pesti.
227 2844 426 2914 Anapmstornm
437 2856 487 2890 usu
502 2837 599 2890 milites
612 2837 645 2890 ad
687 2871 729 2883 -
750 2840 867 2892 latebris.
891 2841 1068 2908 laertium,
1094 2847 1121 2898 in
1139 2851 1195 2902 orio

135 2922 307 2978 ictuscrebro
317 2915 469 2974 inferendos
477 2919 590 2972 excitare
601 2937 647 2972 vo-
688 2931 767 2990 atque
790 2919 904 2972 tenebris
918 2917 1078 2976 delitescere.
1093 2957 1132 2967 --
1148 2929 1197 2980 Fa.

134 3005 253 3057 luerunt.
688 3003 810 3052 sinomsoe.
826 2998 869 3050 Sic
890 3017 982 3050 omnes
1000 2998 1060 3052 edd.
1080 3017 1105 3056 et
1121 3006 1194 3061 MSS.

179 3103 205 3136 π.
216 3083 335 3134 Puniceis.
342 3078 513 3132 vestimentis
526 3078 605 3130 rubris
616 3077 644 3130 in
688 3079 809 3132 Perizon.
823 3075 960 3130 contendit
971 3089 1075 3144 tamen,
1086 3087 1195 3140 omnino

135 3163 235 3235 preliis
250 3159 342 3212 utendi
356 3177 457 3212 mamm
470 3157 541 3229 apud
553 3157 647 3210 Numi·
687 3157 827 3230 legendum
842 3177 889 3209 non
897 3159 1057 3224 facinorosae,
1079 3165 1140 3234 quia
1160 3170 1196 3218 tn.

134 3242 185 3296 das
205 3249 356 3310 quoquest
376 3239 466 3291 Persas
481 3238 645 3303 obtinuisse,
688 3243 763 3300 ertia,
778 3256 826 3290 nec
842 3238 918 3290 bonis
932 3256 981 3291 neo
1001 3241 1075 3294 melis
1094 3245 1195 3300 artibus

135 3318 409 3374 Plutarchiuhrtax.
423 3331 449 3370 et
462 3318 529 3370 Xen.
544 3319 644 3390 Cyrop.
688 3335 796 3389 operam
819 3316 902 3381 dans,
921 3336 974 3370 non
998 3319 1119 3376 videatur
1141 3324 1195 3378 dici

134 3401 179 3452 vl
202 3409 338 3450 testantur.
358 3397 470 3450 llomani
493 3397 571 3450 etism
593 3398 645 3450 boc
688 3416 765 3469 posse
771 3399 918 3464 facinoroso.
926 3399 1097 3454 Athenienses
1107 3415 1194 3458 tamen

134 3481 229 3535 colore
242 3477 298 3542 usi,
314 3477 401 3530 forsan
416 3495 451 3529 ne
465 3495 545 3529 cruor
559 3495 574 3529 e
587 3477 645 3530 vnl-
688 3497 745 3542 eam
762 3490 790 3529 nt
805 3476 932 3530 delictum
947 3491 972 3530 et
987 3479 1087 3532 lacinus
1099 3485 1194 3554 punie.

135 3559 249 3614 neribus
258 3555 580 3626 mananstristeprssberet
587 3575 646 3627 spe·
688 3559 766 3622 bant,
773 3569 799 3609 et
810 3557 846 3609 its
855 3577 912 3610 eam
924 3561 1128 3628 profecissem,
1139 3583 1194 3619 non

134 3634 559 3706 ctaculum.VideLips.dell1ilit.
570 3638 644 3690 llom.
688 3649 791 3690 tantum
806 3657 856 3708 pro
869 3637 1037 3699 embescenda,
1054 3641 1193 3700 habebant

135 3721 187 3784 IV,
205 3737 249 3772 ιι.
266 3717 337 3768 Alias
350 3716 428 3787 hujus
447 3716 543 3768 coloris
557 3735 647 3769 causas
728 3725 756 3780 4.
774 3717 1195 3788 Ejusdem..·..·consilium.Quatuor

136 3801 216 3854 allert
230 3797 327 3850 AElian.
341 3797 397 3858 Vl,
411 3799 438 3849 6.
689 3796 767 3850 oodd.
783 3797 899 3849 habent:
916 3797 964 3848 Est
977 3811 1000 3848 st
1015 3801 1116 3870 ty'mdem
1131 3807 1195 3859 arbit

179 3879 208 3932 3.
224 3879 322 3930 laertio.
337 3875 394 3928 Otii
407 3888 485 3945 atque
498 3879 590 3926 imrtioe
600 3889 647 3946 pn·
689 3881 858 3930 sanctissimum
876 3876 1013 3938 comr'lirtm,
1031 3898 1060 3932 ac
1070 3901 1131 3936 mox
1144 3905 1196 3957 pro

136 3959 233 4012 blicam
242 3977 284 4029 ap.
296 3955 483 4020 Athenienses,
495 3955 647 4008 mortalium
689 3958 749 4029 quati
761 3960 858 4029 quisque
870 3957 959 4027 potins
974 3958 1015 4009 ubi
1029 3965 1125 4033 quisque
1141 3966 1195 4019 ve.

138 4037 348 4099 cordatissime,
362 4037 552 4090 accusationem
568 4035 647 4088 luisse
689 4057 749 4090 rum
759 4055 808 4107 pro
819 4049 907 4088 nostra
915 4037 1027 4090 lectione
1036 4055 1105 4094 stant
1114 4043 1193 4099 oodd.

138 4119 272 4170 memoriae
290 4115 425 4189 proditum
446 4129 492 4169 est.
507 4116 646 4170 Cleanthes
689 4117 801 4170 Torren.
812 4135 902 4168 omnes
910 4129 936 4168 et
947 4131 1047 4172 veteres
1055 4111 1193 4178 editiones.

139 4211 164 4252 st
179 4197 371 4264 Menedemus,
395 4195 568 4268 philosophi,
590 4197 646 4267 ejus
688 4199 887 4268 -Areopagus
902 4199 1090 4272 DeAreopago
1104 4196 1208 4275 (Ᾰριίῳ-

192 4311 221 4374 1·
990 4332 1012 4402 a
