3184 5132
368 522 438 603 sals
552 515 777 586 VALERII
810 515 1019 584 MAXIMI
1055 516 1150 584 LIB.
1182 515 1233 582 11.

362 665 429 720 tem
451 649 553 718 nedem
576 651 612 718 P.
637 647 793 718 Cornelio
817 646 959 716 Lentulo
984 661 1018 716 et
1038 649 1086 716 M.
1113 647 1222 716 Ilaebio
1247 646 1420 742 Tamphilo

359 781 442 834 coss.
456 757 524 849 ipse
537 754 760 842 dedicaverat,
775 752 930 849 compos¹
947 755 1017 823 voti
1032 751 1154 839 factus,
1168 777 1245 848 rege
1256 753 1418 822 Antiocho

360 861 450 956 apud
470 860 707 956 Thermopylas
730 876 893 955 superato.

415 1009 447 1052 a.
462 987 520 1052 Ius
538 982 653 1053 civile²
672 1009 732 1078 per
746 983 850 1053 multa
865 981 973 1052 secula
992 984 1076 1052 inter
1093 1005 1188 1054 sacra
1203 983 1418 1050 caerimonias·

360 1114 424 1184 que
444 1088 581 1158 deorum
604 1089 836 1158 immortalium
859 1089 1025 1176 abditum,
1051 1087 1192 1182 solisque
1211 1087 1418 1182 pontificibus

362 1209 495 1282 notum,
520 1198 581 1264 Cn.
606 1194 754 1282 Flavius,
776 1195 927 1265 libertino
949 1209 1042 1288 patre
1067 1195 1213 1290 genitus,
1240 1209 1274 1261 et
1293 1193 1419 1280 scriba,

361 1325 437 1370 cum
459 1303 581 1396 ingenti
599 1300 777 1370 nobilitatis
798 1303 1019 1395 indignatione
1040 1299 1146 1369 sactus
1164 1299 1264 1369 aedilis
1283 1298 1420 1382 curulis,

363 1406 526 1502 vulgavit,
546 1431 585 1476 ac
608 1407 708 1476 fastos
728 1433 820 1502 paene
842 1423 913 1477 toto
935 1407 1007 1476 loro
1028 1407 1202 1501 exposuit:
1224 1407 1300 1498 qui,
1318 1431 1419 1500 quum

362 1513 403 1581 ad
422 1513 593 1582 visendum
614 1537 737 1608 aegrum
757 1513 916 1608 collegam
935 1537 1031 1582 suum
1046 1514 1189 1598 veniret,
1205 1535 1311 1604 nequo
1329 1535 1348 1579 a
1366 1537 1420 1580 no

362 1617 495 1706 bilibus,
507 1644 647 1712 quorum
664 1619 845 1714 frequentia
859 1618 1046 1688 cubiculum
1060 1633 1131 1686 erat
1144 1615 1361 1712 completum,
1376 1643 1420 1686 se·

361 1723 459 1794 dendi
472 1723 546 1794 loco
560 1727 778 1820 reciperetur,
790 1724 902 1796 sellam
914 1711 1082 1794 curulem³
1094 1723 1206 1792 afferri
1217 1724 1328 1817 jussit,
1340 1738 1374 1792 et
1386 1725 1418 1792 in

362 1935 521 1988 Antiochum
531 1953 618 2006 regem
627 1935 752 2007 Philippo
760 1937 869 2006 juvante
912 1930 1034 2006 pretendi
1053 1932 1162 1986 scientia
1181 1945 1208 1986 et
1226 1932 1343 1985 actiones
1364 1934 1419 2004 pri·

363 2033 394 2066 ex
416 2015 477 2067 Asia
494 2016 648 2088 pepulerat,
669 2028 747 2086 atque
768 2015 869 2067 AEtolos
912 2032 985 2066 mum
1001 2031 1080 2084 penes
1102 2013 1241 2083 collegium
1262 2013 1418 2084 pontificum

363 2095 512 2166 subegerat,
527 2107 638 2148 statuam
652 2095 751 2148 erexit:
766 2113 814 2146 nec
826 2113 870 2146 au·
912 2105 1000 2156 erunt;
1011 2092 1047 2144 ita
1059 2104 1145 2164 posset
1160 2092 1216 2163 agi,
1229 2111 1327 2157 necne,
1342 2094 1418 2164 pauci

362 2191 414 2226 ress
429 2193 545 2244 unquam
559 2187 649 2226 statue
662 2186 754 2226 erecte
766 2173 870 2226 fuerant
913 2169 1047 2243 quondam
1063 2172 1195 2236 sciebant,
1208 2185 1303 2244 praeter
1315 2173 1421 2242 pontili-

363 2251 417 2316 lais,
433 2253 479 2323 qui
498 2271 554 2304 rem
574 2255 640 2304 bene
661 2253 804 2322 gessissent.
820 2247 868 2314 (A.
912 2269 954 2304 oes
968 2270 974 2303 :
989 2263 1014 2304 et
1028 2252 1143 2323 populus
1157 2269 1241 2323 prope
1253 2269 1302 2323 per
1313 2265 1419 2304 centum

364 2331 399 2383 U.
419 2327 501 2401 57².)
512 2333 551 2384 De
566 2331 625 2382 looo
638 2343 728 2384 statuas
744 2349 797 2382 non
810 2351 871 2384 con-
913 2349 995 2384 annos
1012 2332 1061 2383 bac
1078 2329 1270 2402 consuetudine
1292 2349 1353 2382 usus
1372 2343 1418 2384 est.

363 2410 480 2466 sentiunt
488 2411 640 2481 scriptores,
651 2409 696 2462 sed
709 2409 869 2480 adjacentem
913 2409 1099 2482 Posteaquam
1114 2411 1215 2481 Appius
1226 2409 1352 2464 Claudius
1361 2429 1421 2481 pro-

362 2489 524 2541 vicinitatem
545 2489 691 2542 nominant.
721 2489 870 2559 Aliquando
912 2491 1094 2562 posuisset,et
1108 2488 1264 2542 adlorrnsm
1279 2488 1421 2562 redegisset

364 2565 457 2620 eodem
475 2567 535 2620 loco
553 2586 642 2620 carcer
659 2568 743 2640 plebis
756 2569 821 2633 tuit,
842 2570 869 2622 in
913 2569 959 2620 bas
968 2570 1153 2634 actiones,Cu.
1162 2570 1266 2622 Flavius
1273 2572 1327 2640 ejus
1334 2571 1419 2622 scriba

364 2665 418 2717 quo
440 2665 522 2718 quum
544 2647 597 2700 filia
618 2660 726 2700 matrem
756 2647 869 2700 vinctam
913 2649 1066 2720 subreptum
1077 2649 1175 2702 librum
1188 2649 1288 2720 populo
1302 2647 1419 2702 tradidit.

365 2727 418 2779 suis
440 2726 566 2779 uberibus
588 2726 710 2792 aluisset,
727 2726 870 2798 impunitas
913 2725 947 2780 Et
960 2727 1026 2780 adeo
1041 2741 1144 2799 gratum
1160 2728 1210 2782 luit
1224 2727 1252 2780 id
1267 2747 1363 2780 munus
1373 2747 1421 2800 po-

366 2805 403 2856 illi
414 2819 584 2872 concessa,et
592 2807 665 2860 lucus
675 2807 778 2858 Pietatis
786 2808 871 2860 numi·
912 2807 993 2878 pulo,
1008 2819 1037 2859 ut
1060 2808 1182 2860 tribunus
1202 2809 1285 2879 plebis
1305 2809 1377 2860 lieret
1393 2821 1419 2862 et

364 2885 392 2937 ni
406 2883 507 2940 dicatus
518 2899 565 2940 est.
912 2899 1017 2939 seumor
1040 2899 1066 2939 et
1083 2885 1165 2939 edilis
1187 2887 1294 2941 curulis.
1311 2889 1350 2940 De
1368 2888 1420 2940 boc

408 2985 431 3019 r.
450 2965 558 3037 Compos.
582 2964 690 3038 Aliquid
709 2964 797 3018 deesse
812 2965 871 3036 opi·
913 2965 991 3018 etiam
1002 2966 1171 3032 Livius,IX,
1186 2971 1230 3029 46.
1246 2965 1340 3020 tradit:
1352 2968 1418 3020 ·Cn.

365 3059 462 3099 nentur
470 3046 579 3116 Pighius
592 3045 701 3117 aliique,
712 3058 739 3098 et
753 3042 868 3098 addunt:
913 3043 1018 3098 Flavius
1036 3049 1079 3115 jus
1097 3046 1175 3098 civile
1193 3046 1221 3098 in
1242 3045 1421 3116 penetralibus

365 3129 421 3196 quia
433 3137 505 3196 pater
523 3145 629 3196 compos,
652 3139 701 3178 etc.
728 3121 779 3177 Sed
798 3125 871 3178 locus
912 3126 1058 3196 repositum
1077 3125 1207 3196 vulgavit,
1225 3125 1303 3178 fastos
1318 3126 1346 3178 in
1359 3125 1420 3178 albo

364 3205 450 3272 Livii,
474 3223 553 3276 quem
575 3205 692 3275 profert,
716 3222 771 3256 non
793 3222 872 3276 repn·
912 3205 1016 3276 posuit,
1039 3217 1083 3270 nt,
1107 3203 1214 3276 quando
1235 3223 1295 3258 oum
1319 3205 1420 3277 populo

363 3297 426 3354 gunt
446 3283 554 3338 lectioni
576 3284 676 3348 veteri,
704 3281 750 3336 sed
776 3281 871 3338 exinde
914 3284 954 3355 agi
970 3285 1073 3347 liceret,
1091 3285 1152 3337 sciri
1166 3297 1261 3355 posset.
1283 3287 1348 3338 -ue
1364 3287 1420 3356 ejus

364 3377 472 3436 apparet
491 3363 597 3436 potius,
617 3360 739 3414 eumdem
757 3361 795 3415 M.
815 3364 872 3416 Aci·
913 3376 1066 3435 contemptu
1082 3362 1138 3416 vid.
1154 3382 1212 3436 qun
1231 3363 1347 3436 Gellius,
1363 3365 1420 3430 VI,

363 3442 429 3496 lium
445 3444 617 3497 Glabrionem
632 3439 715 3493 edem
729 3441 832 3492 Pietau's
845 3456 871 3496 et
915 3463 946 3512 9,
959 3461 990 3496 ex
998 3443 1100 3497 Pisonis
1112 3443 1248 3496 annalibus
1256 3442 1418 3496 narratvid.

364 3523 475 3588 vovisse,
485 3535 512 3576 et
521 3522 638 3594 posthac
652 3532 810 3574 exstructam
824 3518 871 3574 de·
914 3522 1016 3593 Nepos,
1030 3523 1141 3586 XVIII,
1167 3541 1201 3586 a,
1221 3529 1245 3576 5.
1262 3553 1303 3566 -
1323 3524 1418 3576 Factae.

363 3597 470 3653 dicasse.
487 3634 528 3644 -
546 3601 724 3672 Thermopylas.
743 3599 871 3652 Thermo·
913 3601 1419 3673 Libri,inquibuscontinebantnrdies,

364 3681 432 3751 pylas
442 3692 504 3732 sunt
515 3683 638 3751 angustite
648 3679 767 3752 quedam
781 3679 870 3745 OEtss,
914 3681 1082 3751 quibuscum
1094 3683 1195 3751 populo
1208 3681 1248 3752 agi
1262 3692 1379 3753 poterat,
1393 3693 1420 3734 et

364 3756 511 3829 dequibus
531 3759 637 3828 Strabo,
649 3761 697 3814 tx.
711 3791 751 3803 -
766 3759 870 3825 Livius,
914 3759 1010 3830 quibus
1031 3779 1084 3812 non
1107 3760 1210 3824 liceret,
1230 3779 1243 3813 a
1258 3761 1339 3828 fando
1358 3773 1420 3814 suut

364 3838 410 3890 lib.
426 3837 452 3888 V
465 3835 499 3890 de
517 3839 578 3890 bell.
599 3837 697 3892 maced.
720 3851 869 3904 memorat,
914 3835 1086 3894 denominati.
1100 3840 1162 3892 Dies
1174 3840 1260 3904 enim,
1274 3841 1370 3912 quibus
1385 3838 1419 3892 ad

364 3928 482 3969 montem
493 3935 548 3969 esse
558 3919 738 3989 longissimum
747 3917 806 3990 ,qui
817 3937 870 3972 me·
913 3918 1041 3990 populum
1057 3919 1106 3972 fari
1117 3920 1226 3982 licebat,
1229 3921 1294 3986 sasai
1301 3959 1308 3980 ,
1323 3921 1420 3990 quibus

363 3995 435 4050 diam
456 3997 492 4048 its
512 3995 641 4050 Graeciam
660 3996 780 4064 dividat,
802 3999 870 4052 sicut
913 4017 982 4070 uon,
998 4002 1085 4067 nefasti
1094 3995 1159 4052 dicti
1172 4011 1241 4052 sunt.
1250 3997 1321 4051 Vide
1334 3999 1419 4052 Cicer.

364 4077 519 4149 Apenninus
528 4093 575 4128 suo
581 4078 645 4147 jugo
652 4076 749 4154 scindit
757 4078 867 4132 Italiam.
912 4096 964 4150 pro
977 4079 1104 4131 Murena.
1114 4097 1137 4131 c.
1148 4077 1274 4143 253Plin.
1288 4079 1418 4132 xxxut.

407 4177 432 4212 a.
449 4157 494 4210 lus
509 4155 583 4210 civile.
602 4155 696 4210 Omnis
711 4157 777 4226 juris
791 4157 870 4212 inter-
955 4159 980 4212 3.
1001 4157 1090 4211 Selium
1106 4158 1217 4211 curulem.
1236 4157 1339 4212 Nomen
1357 4158 1422 4212 lanu·
