3190 5122
396 557 502 625 cnr.
531 555 589 638 11,
616 554 685 624 nn
713 555 913 625 cruris.
1111 549 1183 656 357

173 696 207 778 4.
224 693 388 760 Caeterum
403 691 531 776 nescio,
546 713 588 756 an
604 689 767 784 praecipue
778 692 958 758 Masinissae
971 692 1057 784 regis
1072 709 1188 788 pectus

119 801 204 895 grati
228 798 328 866 animi
355 796 549 890 pignoribus
575 797 675 865 fuerit
704 796 879 882 refertum;
911 797 1072 868 beneficio
1098 803 1187 870 enim

117 905 279 999 Scipionis
302 919 335 972 et
352 928 511 997 persuasu
531 905 623 996 regni
639 903 738 972 modo
754 901 886 972 liberius
904 905 1052 990 auctus¹,
1066 933 1188 977 memo·

118 1014 201 1080 riam
220 1009 332 1104 inclyti
352 1013 497 1079 muneris
516 1009 558 1078 ad
575 1009 726 1079 ultimum
744 1012 818 1079 vitae
835 1011 953 1094 finem,
974 1010 1070 1107 longa
1087 1017 1187 1084 etiam

117 1143 138 1186 a
167 1118 228 1186 diis
259 1117 498 1186 immortalibus
532 1131 700 1186 senectute
732 1116 902 1203 donatus,
923 1123 1187 1190 constantissima

117 1224 184 1294 fide
198 1225 349 1318 perduxit
365 1251 374 1310 3
395 1223 478 1293 adeo
495 1238 532 1291 ut
554 1249 631 1292 eum
650 1249 718 1291 non
738 1223 845 1292 solum
863 1224 990 1310 Africa,
1012 1226 1068 1292 sed
1088 1230 1187 1296 etiam

118 1345 247 1400 cunctae
265 1347 378 1426 gentes
400 1333 523 1400 scirent
536 1332 726 1398 amiciorem
742 1329 903 1399 Corneliae
922 1330 1069 1418 familiae,
1088 1349 1187 1428 atque

118 1437 194 1505 urbi
217 1463 297 1506 rom.
322 1463 422 1532 quam
446 1438 577 1506 sibimet
598 1438 660 1530 ipsi
679 1460 809 1530 semper
828 1435 962 1505 luisse²:
988 1437 1060 1526 ille,
1084 1465 1188 1533 quum

118 1547 212 1638 gravi
234 1545 559 1638 Carthaginiensium
586 1541 673 1610 bello
696 1557 922 1635 premeretur,
948 1567 987 1613 ae
1010 1546 1065 1612 vix
1079 1545 1189 1616 tutelae

117 1652 247 1745 imperii
274 1637 341 1719 sui³
371 1650 550 1737 sufficeret,
579 1664 690 1718 tamen
720 1651 864 1744 Scipioni
888 1649 1081 1738 AEmiliano,
1111 1654 1190 1746 quia

118 1783 223 1851 nepos
237 1757 383 1826 Africani
401 1771 485 1842 erat,
505 1757 626 1825 bonam
640 1780 861 1852 magnamque
877 1772 1005 1852 partem
1020 1758 1190 1827 Numidici

116 1866 296 1950 exercitus,
315 1888 411 1956 quem
429 1863 569 1932 Lucullo
584 1863 726 1948 consuli,
743 1887 843 1956 aquo
855 1863 897 1932 ad
916 1863 1033 1932 auxilia
1046 1866 1189 1959 petenda
1293 1897 1296 1905 ·

118 1971 237 2036 missus
252 1969 373 2056 fuerat,
390 1971 423 2037 in
438 1971 629 2065 Hispaniam
645 1969 798 2056 duceret,
816 1971 1062 2064 promptissima
1077 1987 1188 2041 mente

119 2075 270 2162 tradidit,
289 2077 506 2170 praesentique
527 2075 674 2172 periculo
695 2090 881 2170 respectum
896 2078 1024 2170 pristini
1038 2076 1188 2148 beneficii

119 2185 322 2276 anteposuit:
341 2181 410 2270 ille,
422 2209 524 2277 quum
537 2184 606 2276 jam
624 2197 719 2252 aetate
736 2182 926 2270 deficiente,
946 2207 1082 2276 magnas
1093 2187 1187 2278 regni

118 2314 218 2383 opes,
247 2304 390 2384 quatuor
411 2304 445 2358 et
468 2275 728 2384 quinquaginu⁴
749 2287 894 2358 filiorum
918 2313 1112 2378 numerum,
1130 2316 1186 2359 re-

117 2485 263 2536 eivitates..,.
277 2487 428 2538 amicitiae...
437 2485 526 2554 pietati
529 2503 541 2546 ,-
556 2481 629 2554 quod
672 2500 726 2554 quo
744 2493 835 2536 suctus
855 2482 906 2536 suit
925 2482 1080 2550 Masinissa,
1098 2485 1183 2538 fuerat

117 2564 249 2630 posterius
264 2564 395 2616 Torrenio
409 2561 515 2616 videtur
526 2563 628 2616 aVale·
672 2575 732 2616 ante
747 2563 884 2634 Syphacis.

115 2642 150 2693 rii
164 2643 225 2694 stilo
238 2662 293 2695 non
306 2644 457 2696 abhorrere.
715 2663 740 2695 a.
753 2643 833 2710 Quam
842 2642 935 2694 sibimet
944 2645 991 2711 ipsi
1000 2663 1090 2715 semper
1094 2646 1180 2710 fuisse.

162 2742 186 2774 1.
204 2722 324 2792 Beneficio
332 2763 378 2776 .....
392 2735 485 2776 auctus.
502 2721 545 2774 Sic
558 2741 627 2774 non·
670 2723 732 2774 Vox
746 2726 792 2792 ipsi
804 2720 894 2774 addita
908 2733 946 2774 est
959 2741 974 2774 a
994 2723 1105 2794 Pighio;
1119 2743 1181 2778 nam

116 2802 185 2854 nulli
207 2802 285 2857 codd.
301 2802 375 2855 MSS.
401 2816 428 2856 et
445 2800 507 2854 edd.
527 2815 627 2854 textum
671 2801 891 2854 aretustioribus
911 2799 973 2853 edd.
992 2803 1072 2856 abest.
1090 2803 1182 2858 Unde·

117 2882 250 2936 exhibent.
274 2883 420 2935 Torrenius
441 2901 502 2935 curn
517 2883 627 2936 Vorstio
671 2882 722 2934 cim
734 2881 809 2934 MSS.
821 2901 891 2952 quom
901 2881 993 2932 sibimet
1006 2886 1028 2934 ri
1040 2895 1179 2954 superesset,

117 2959 193 3014 dedit
211 2982 218 3016 :
237 2962 356 3032 Beneficio
370 2967 431 3015 enim
450 2961 586 3032 Scipionis,
603 2974 629 3013 et
671 2973 750 3032 atque
765 2961 803 3012 sic
819 2959 861 3013 ed.
878 2961 951 3030 Mog.

115 3040 279 3092 Romanorum
293 3046 414 3107 amicitia,
425 3055 448 3092 et
453 3046 547 3112 pervasi
559 3045 628 3111 regni
713 3041 740 3094 3.
751 3040 849 3110 Imperii
862 3043 907 3092 sui.
925 3039 1033 3111 Pighius
1047 3045 1085 3092 sui
1098 3045 1179 3111 regni,

116 3121 189 3172 modo
205 3121 334 3172 liberaliter
346 3135 437 3174 auctus.
454 3121 581 3174 Eamdem
592 3123 628 3173 le·
671 3121 793 3173 omnibus
808 3118 883 3173 MSS.
897 3119 1071 3174 obstantibus.
1080 3122 1182 3174 -Srt-

116 3201 234 3252 ctionem
243 3199 350 3270 Pighius
359 3213 384 3252 et
393 3201 504 3254 Colerus
514 3199 626 3266 dedere,
667 3204 739 3270 pioni
753 3200 903 3262 AEmiiiarro,
928 3211 978 3254 etc.
996 3202 1046 3252 An.
1063 3201 1098 3254 U.
1113 3205 1180 3255 60².

116 3280 164 3352 qui
181 3294 268 3332 tamen
285 3299 335 3350 pro
347 3282 442 3348 pertusi
463 3279 560 3333 habent
570 3301 627 3350 per·
670 3279 815 3332 -Bonam
829 3299 984 3350 magnamque
994 3292 1096 3350 partem.
1109 3281 1181 3334 Bona

116 3361 200 3428 ampli.
215 3361 426 3428 interpretantur
437 3363 532 3428 pervasi
544 3364 624 3429 regri,
667 3379 726 3428 pars
743 3358 828 3425 idem,
837 3357 910 3432 quod
924 3379 1020 3430 magara.
1037 3360 1103 3412 Hor.
1124 3361 1178 3414 Sat.

116 3451 148 3490 ut
160 3440 207 3502 sit,
222 3439 294 3510 quod
311 3437 421 3491 assiduis
435 3439 566 3490 bellorum
585 3439 627 3492 in·
671 3441 702 3505 1,
720 3459 744 3504 1,
762 3445 795 3494 δι
810 3459 817 3493 :
836 3466 846 3486 ι
859 3440 898 3492 At
915 3439 977 3491 bona
987 3460 1047 3512 pars
1062 3440 1181 3492 bominum

115 3519 287 3570 cursionibus
312 3531 477 3590 penetratum
497 3532 523 3570 et
543 3531 627 3570 vasta-
670 3519 767 3591 decepta
780 3519 890 3590 cupidine
893 3521 991 3588 salso.-
1006 3517 1058 3572 Sed
1068 3520 1181 3574 subinde

115 3613 177 3651 tum
190 3611 237 3651 est.
247 3599 333 3652 Verba
344 3617 350 3651 :
360 3611 384 3649 et
394 3599 552 3650 Romanorum
566 3603 627 3650 ami·
671 3598 757 3670 ipsum
771 3620 859 3670 magna
874 3598 1011 3670 adjicitur,
1030 3600 1103 3670 qimsi
1119 3619 1178 3654 exe-

117 3683 194 3737 citia.
212 3698 225 3731 a
238 3679 358 3748 plurimis
372 3679 445 3732 MSS.
463 3679 565 3733 absunt.
583 3681 627 3731 Li·
670 3697 760 3749 geseos
769 3699 853 3733 causa.
864 3679 907 3734 sic
920 3692 945 3732 et
951 3679 1057 3732 Terent.
1069 3679 1137 3734 Eun.
1150 3681 1179 3746 1,

117 3760 282 3812 beraliterest
296 3757 626 3824 innunnulliscodicibus3
674 3778 706 3826 2,
730 3761 776 3824 43.
795 3791 835 3802 -
860 3761 935 3828 Quem
956 3758 1056 3811 wuito
1080 3761 1180 3814 consuli.

117 3839 162 3892 elii
178 3839 278 3892 habent
293 3839 430 3904 liberalius,
447 3839 553 3910 plurimi
568 3841 628 3891 libe·
671 3838 780 3910 Pighius
795 3851 886 3892 contra
900 3837 976 3891 MSS.
992 3836 1075 3890 edidit
1087 3839 1122 3890 od
1135 3841 1183 3892 Lu-

118 3924 182 3980 rius,
202 3938 318 3990 proquo
340 3919 493 3972 Perizonius
521 3921 628 3990 conjicit
672 3919 758 3970 sudum
771 3919 896 3970 consulem.
906 3919 1036 3972 Caeterum
1045 3919 1120 3971 lllSS.
1128 3919 1180 3974 flu·

119 3999 222 4056 uberim.
245 3997 391 4052 Cornmode
411 4011 497 4071 potest
519 3999 627 4052 retineri
672 4009 762 4050 eruant
776 3998 821 4051 bic
836 3999 906 4050 inter
922 4017 989 4072 quem
1003 4011 1028 4049 et
1041 4017 1119 4072 quam.

119 4078 226 4140 liberius,
241 4078 269 4132 id
290 4094 341 4144 est,
361 4080 477 4142 sortiter,
493 4077 626 4132 audacter.
713 4084 739 4141 4.
762 4077 874 4146 Quatuor
891 4089 916 4129 et
928 4079 1110 4150 quinquaginta.
1134 4079 1180 4131 Se·

120 4158 209 4210 Modus
219 4159 264 4210 bie
276 4173 331 4224 est,
345 4158 418 4230 quod
438 4159 516 4230 vulgo
532 4163 627 4230 quanti·
671 4155 790 4210 cundum
812 4157 905 4229 Polyb.
927 4177 954 4229 p.
982 4164 1059 4228 147,
1079 4170 1182 4231 quatuor

122 4248 193 4288 tatem
215 4237 314 4294 dicunt.
342 4242 474 4296 Ceterum
496 4258 622 4311 regnum,
671 4237 825 4310 legitimos,
850 4237 1000 4309 illegitimos
1031 4241 1179 4310 complures

957 4322 1026 4406 23³
