3190 5122
409 484 484 561 336
617 487 841 558 VALERII
874 488 1084 556 MAXIM]
1117 489 1212 558 LIB.
1240 490 1282 558 V.

409 622 574 718 superior,
587 645 723 690 monere
734 623 899 716 ingratum
909 675 918 708 ‚
930 645 1029 715 quam
1047 622 1197 710 vincere,
1213 621 1342 708 maluit,
1358 651 1376 686 u
1388 625 1473 692 Nam

410 729 490 826 quid
518 727 623 822 agis¹,
644 728 763 821 inquit,
786 727 944 798 demensi
965 743 1023 796 aut
1047 753 1115 821 quo
1133 743 1166 796 te
1184 753 1286 823 prava
1310 729 1474 823 cupiditas

410 851 634 906 transversum
650 832 879 929 rapitiparum
893 834 995 904 habes
1007 833 1138 928 publica
1150 833 1335 928 impietate²
1346 836 1472 924 furere,

411 944 473 1012 nisi
498 943 596 1010 etiam
621 943 750 1036 privata
772 940 882 1035 lapsus
904 939 1028 1010 fueris?
1051 965 1137 1010 unus
1163 941 1221 1010 tibi
1243 943 1472 1011 Romanorum

411 1047 563 1118 videlicet
572 1049 748 1136 Quinctius
758 1046 923 1142 piacet,in
934 1033 1191 1141 quo,sceleste³,
1201 1072 1354 1117 exerceas
1364 1073 1472 1136 arma,

412 1156 506 1248 cujus
519 1154 693 1248 penatibus
706 1168 740 1222 et
751 1154 886 1224 honoris
901 1153 1216 1240 vicissitudinem,et
1230 1153 1370 1223 salutem
1384 1170 1471 1223 tuam

412 1258 531 1330 debes?
544 1262 589 1330 At
609 1285 662 1328 me
684 1259 790 1329 foedus
810 1261 978 1346 amicitie,
1000 1260 1108 1354 diique
1130 1249 1339 1356 hospitales⁴,
1360 1277 1472 1331 sancta

414 1381 529 1438 nostro
548 1367 716 1460 sanguini,
738 1369 854 1436 uestris
870 1366 1059 1462 pectoribus
1080 1365 1158 1435 vilia
1180 1369 1341 1462 pignora,
1363 1367 1472 1438 hostili

414 1467 593 1544 certamine
612 1473 768 1567 congredi
788 1488 896 1542 tecum
920 1488 1044 1542 vetant.
1064 1475 1155 1561 Quin
1170 1478 1268 1544 etiam
1288 1477 1368 1544 siin
1391 1501 1473 1544 con-

340 1563 343 1576 *
412 1606 513 1650 cursu
529 1581 732 1650 exercituum
749 1580 885 1648 fortuito
908 1581 1061 1649 umbonis
1080 1582 1145 1650 mei
1162 1580 1306 1674 impulsu
1325 1597 1472 1676 prostra-

413 1702 484 1758 tum
506 1685 945 1782 agno'vissem,applicatum
960 1687 1029 1779 jam
1052 1687 1235 1756 cervicibus
1255 1689 1320 1758 tuis
1341 1713 1471 1756 mucro·

413 1819 490 1862 nem
512 1817 727 1864 revocassem.
740 1796 848 1862 Tuum
870 1818 950 1888 ergo
969 1795 1093 1862 crimen
1110 1779 1179 1880 sit⁵,
1201 1794 1364 1889 hospitem
1384 1797 1469 1862 occi·

414 1899 491 1969 dere
510 1899 652 1970 voluisse
673 1927 679 1968 :
705 1926 815 1969 mcum
836 1901 985 1969 noueris
1012 1885 1153 1994 hospes⁶
1173 1903 1310 1970 occisus.
1333 1901 1471 1970 Proinde

412 2006 533 2095 aliam,
552 2031 617 2102 qua
641 2007 792 2095 occidas,
814 2005 982 2076 dexteram
1004 2031 1137 2100 quaere:
1161 2009 1317 2100 quoniam
1346 2032 1421 2076 mea
1443 2022 1471 2076 te

413 2137 544 2182 servare
566 2113 688 2183 didicit.
708 2144 725 2178 »
748 2112 867 2182 Dedit⁷
884 2115 1013 2208 utrique
1030 2112 1157 2183 caeleste
1177 2139 1302 2184 numen
1326 2113 1471 2184 debitum

413 2323 467 2375 sius
486 2319 612 2373 excidisse
631 2333 706 2392 putat
727 2323 848 2374 voculam
865 2341 920 2392 par,
1009 2321 1154 2376 3.Sceleste.
1165 2323 1218 2374 Alii
1226 2323 1338 2388 sceksta,
1350 2323 1424 2395 quod
1433 2325 1474 2377 Pe·

414 2415 443 2453 ut
464 2398 604 2471 legendum
629 2401 686 2452 sit:
707 2400 799 2452 uiribus
818 2405 923 2470 corporis
966 2399 1083 2454 rizonius
1102 2403 1227 2471 pretulit.
1245 2404 1352 2457 Rectius
1369 2407 1474 2466 sceleste,-

410 2500 467 2551 pur.
486 2477 538 2532 Sed
554 2479 626 2530 nulla
640 2497 715 2530 causa
733 2491 786 2544 eat,
803 2497 851 2531 cur
871 2491 923 2532 sta·
966 2477 1039 2550 quod
1047 2491 1136 2534 autem
1144 2482 1255 2534 minime
1262 2481 1473 2548 adverbiumest,

414 2573 531 2623 tuamus,
542 2558 629 2628 ipsum
637 2558 739 2610 viribus
747 2558 866 2630 eorporis
875 2579 923 2628 pa·
966 2557 1013 2612 sed
1026 2578 1100 2612 casus
1109 2561 1230 2632 quintus,
1242 2579 1296 2632 quo
1311 2562 1425 2616 Badium
1440 2565 1474 2616 d·

415 2650 571 2690 remtantum
579 2635 755 2690 Badiofuisse.
768 2639 923 2692 Immosacit
966 2639 1098 2710 loquitur,
1119 2652 1149 2692 ut
1159 2659 1220 2693 eum
1234 2643 1325 2712 paullo
1339 2655 1400 2696 ante
1412 2647 1474 2696 atlo-

414 2716 449 2772 ad
466 2715 610 2788 aagendam
626 2720 681 2788 ejus
698 2715 818 2782 laudem,
836 2716 922 2790 quod,
967 2731 1065 2792 quntus
1079 2731 1153 2772 erat:
1167 2721 1269 2774 demens.
1339 2712 1340 2715 Ἴ

415 2817 497 2870 quum
508 2809 535 2850 et
547 2797 647 2850 viribus
659 2797 777 2868 corporis
788 2810 815 2850 et
825 2797 923 2851 virtute
1008 2805 1036 2864 4.
1055 2801 1143 2872 Diiqioe
1156 2801 1293 2871 hospitales.
1311 2801 1475 2856 sanctissime

414 2878 496 2930 animi
517 2879 574 2950 ipso
599 2878 721 2949 superior
743 2891 823 2944 esset,
845 2890 923 2948 atque
967 2877 1037 2951 apud
1049 2880 1204 2932 omuesfere
1217 2883 1396 2956 genteseulti3
1409 2901 1475 2954 pra·

415 2957 481 3012 adeo
494 2959 594 3010 nullam
611 2970 743 3010 certamen
759 2955 924 3011 detrectandi
967 2958 1059 3029 cipuus
1068 2979 1160 3012 eorum
1168 2961 1281 3031 Jupiter.

414 3057 518 3092 causam
532 3038 656 3104 haberet,
677 3038 727 3090 nisi
744 3057 823 3110 quam
842 3037 923 3090 animi
1008 3039 1033 3090 5.
1060 3037 1155 3092 Crimen
1177 3045 1218 3094 sit.
1236 3040 1278 3093 Sic
1302 3039 1384 3094 codd.
1402 3042 1472 3094 MSS.

415 3117 589 3170 mansuetudo
598 3118 647 3188 ipsi
657 3118 823 3188 subjiciebat,
836 3131 923 3172 tamen
967 3137 1058 3170 omnes
1071 3137 1132 3171 cum
1148 3121 1271 3173 omnibus
1284 3121 1473 3193 antePighium

415 3217 475 3252 cum
487 3217 519 3250 eo
529 3197 654 3268 singulari
664 3199 807 3250 certamine
817 3216 925 3268 cougre—
966 3198 1109 3268 impressis.
1126 3200 1181 3254 Nee
1197 3201 1293 3254 mutari
1307 3199 1437 3255 debuerat
1448 3203 1472 3254 iu

414 3277 443 3330 di
458 3291 615 3350 provocatus
628 3277 754 3330 noluerit.
763 3309 803 3320 —
817 3278 921 3329 Virtute.
967 3280 1053 3329 crimen
1068 3283 1121 3332 erit.

415 3357 458 3410 Sic
474 3369 544 3410 recte
557 3354 707 3410 emendavit
721 3356 843 3427 Pighius,
860 3375 923 3410 con·
1008 3361 1036 3411 6.
1049 3359 1108 3410 Eris
1117 3360 1206 3431 hospes.
1220 3361 1252 3413 In
1263 3357 1343 3413 codd.
1354 3361 1474 3432 piurimis

415 3437 586 3490 sentientibus
597 3434 672 3488 MSS.
688 3437 819 3488 omnibus.
840 3439 924 3490 Antea
967 3440 1022 3488 erit.
1037 3441 1072 3490 At
1082 3445 1127 3490 eris
1141 3439 1284 3511 elegantius
1290 3439 1422 3511 judieavit
1431 3441 1474 3493 Pe-

415 3515 562 3572 edebatur:
580 3515 713 3567 virtutihus.
967 3517 1099 3584 ticonius,
1119 3517 1217 3572 addens
1229 3521 1285 3573 haec
1301 3521 1378 3575 loca:
1395 3519 1472 3573 Ovid.

458 3595 924 3667 1,Namquidagise’VorstiusetTor·
967 3595 1137 3666 Heroid.1V‚
1153 3600 1198 3669 57,
1215 3600 1264 3664 58;
1280 3601 1333 3665 xl,
1351 3605 1400 3664 δᾴς
1411 3600 1473 3662 XV,

375 3671 383 3680 ⁸
415 3673 759 3736 reniusedideruut2Nam,
775 3675 924 3744 Quidagisi’
971 3675 1332 3746 182.1demTriu.IV,s,
1351 3679 1473 3744 2⁵3Liv.

415 3755 488 3827 quasi
505 3754 569 3806 Nam
586 3754 618 3806 ad
636 3743 784 3808 orationem
804 3755 923 3820 Quinctii
967 3757 1053 3824 XLV,
1065 3763 1116 3821 4²,
1129 3759 1309 3826 9.Intextum
1319 3771 1474 3831 receperunt

414 3855 467 3887 nou
483 3835 639 3906 pertineret,
659 3833 705 3888 sed
721 3834 871 3888 transitioni
885 3837 924 3888 in·
967 3837 1112 3890 Torrenius
1127 3851 1154 3890 et
1166 3839 1296 3910 Kappius.

413 3915 532 3968 serviret.
1008 3933 1035 3987 7.
1051 3917 1140 3980 Dedit,
1161 3931 1210 3971 etc.
1227 3917 1347 3972 Tandem
1363 3917 1475 3992 ignomi-

381 4009 385 4018 ·
456 4013 482 4048 a.
504 3993 606 4046 Publica
627 3995 753 4065 impietate.
772 3993 852 4060 Quod
870 4013 923 4048 una
966 3996 1012 4049 nia
1026 3997 1150 4050 affectum
1165 3999 1199 4050 ab
1213 3996 1475 4069 adversarioCrispi·

412 4088 474 4123 cum
494 4074 593 4126 ceteris
608 4074 748 4148 Campanis
768 4073 802 4126 ad
820 4075 922 4129 Hauni-
967 4095 1032 4128 num
1041 4078 1181 4148 perpulere
1190 4079 1328 4144 turmales,
1340 4089 1475 4150 utpeteret

397 4229 398 4232 Ἴ
412 4150 499 4204 halem
515 4170 530 4204 a
545 4154 669 4207 Romanis
683 4152 822 4207 defecerat.
967 4157 1000 4209 ab
1010 4156 1169 4228 imperatore
1178 4157 1311 4214 licentiam
1320 4171 1394 4212 extra
1405 4155 1475 4210 ordi·
