3168 5124
117 549 491 572 ΜΜἎΜΜ

471 754 817 862 TABULA

137 1044 265 1092 neuun
285 1044 366 1104 Qus
386 1045 424 1091 ut
446 1043 518 1092 HOC
540 1045 660 1092 aaron
678 1041 864 1092 vonum!
885 1043 1146 1096 ΟΟῙῊΠΕΝΤΠΗ.

400 1266 899 1306 ψ

105 1447 338 1566 Enrronrs
368 1491 516 1587 praefatio
525 1539 954 1558 ·················
989 1495 1066 1590 Pag
1121 1521 1171 1566 vu

103 1627 189 1695 Vita
210 1627 326 1694 incerti
345 1626 488 1694 auctoris
498 1671 1058 1691 ······················
1135 1651 1172 1696 ιι

103 1759 154 1827 G.
180 1761 209 1826 J.
226 1758 363 1827 Vossius
386 1759 420 1825 in
441 1754 526 1826 libro
549 1756 592 1825 de
613 1756 786 1826 Historiois
808 1757 934 1826 Latinis
943 1804 1056 1824 .....
1119 1785 1169 1830 x11

102 1891 234 1961 Notitia
254 1888 410 1958 litteraria
424 1888 466 1958 de
480 1887 612 1962 Valerio
631 1889 778 1958 Maximo
787 1935 1058 1954 ...........
1122 1915 1169 1961 xv

463 2103 593 2150 LIBER
627 2101 807 2151 PRIMUS.

104 2222 232 2292 Valerii
251 2221 387 2290 Maximi
403 2221 445 2290 ad
462 2221 629 2290 Tiberium
647 2223 811 2290 Caesarem
827 2221 1030 2316 Augustum.
1048 2270 1056 2286 .
1151 2248 1163 2292 r

616 2353 789 2422 observata
792 2400 951 2420 .......
965 2389 978 2418 ν.
995 2401 1004 2420 .
1021 2399 1056 2418 ..
1146 2352 1166 2424 5

103 2433 232 2498 Carur
284 2431 310 2496 Ι.
331 2429 383 2498 De
405 2425 561 2522 religione

616 2485 763 2582 neglecta
766 2532 1055 2555 ............
1122 2487 1166 2559 18

131 2657 188 2664 -
266 2623 311 2689 ΙΙ.
333 2623 386 2690 De
402 2619 558 2716 religione
573 2618 723 2688 simulata
732 2665 1055 2684 .............
1119 2645 1164 2715 ²7

129 2795 187 2806 -—
251 2755 312 2822 ΙΙΙ.
335 2755 387 2822 De
407 2753 579 2848 peregrina
602 2750 758 2846 religione
783 2750 904 2842 rejecta
912 2795 1053 2815 ......
1118 2775 1166 2845 29

129 2929 187 2939 ——
247 2887 306 2955 lv.
330 2887 382 2955 De
402 2885 553 2978 auspiciis
554 2927 1053 2951 ....................
1117 2879 1160 2952 31

128 3060 186 3070 -
266 3017 308 3086 V.
332 3019 384 3085 De
401 3015 564 3084 ominibus
573 3058 1053 3079 ...................
1117 3011 1166 3098 34

128 3193 186 3202 -
251 3152 309 3218 VI.
331 3151 383 3216 De
402 3146 559 3242 prodigiis
573 3191 1054 3210 ···················
1116 3148 1161 3232 41

129 3325 186 3335 -
235 3284 311 3351 VII.
334 3283 386 3349 De
408 3279 542 3348 somniis
545 3323 1054 3344 ····················
1117 3273 1164 3348 55

129 3456 186 3466 -
215 3415 306 3482 VIII.
328 3414 380 3481 De
398 3406 564 3480 miraculis
573 3452 1054 3474 ···················
1117 3433 1160 3503 71

444 3623 569 3671 LIBER
603 3621 836 3670 SECUNDUS.

129 3791 186 3802 --
279 3753 306 3816 Ι.
330 3750 382 3817 De
398 3747 682 3815 matrimoniorum
701 3746 781 3832 ritu,
800 3758 833 3814 et
851 3745 1061 3816 uecessitudi-

370 3904 451 3949 uum
473 3877 591 3947 officiis
601 3923 1054 3944 ..................
1116 3903 1164 3974 97

132 4057 186 4067 -
267 4017 310 4082 Il.
332 4014 384 4082 De
401 4011 649 4105 magistratuum
665 4023 762 4104 atque
777 4009 930 4079 ordinum
945 4009 1062 4082 officiis

371 4159 404 4213 et
421 4144 576 4216 institutis
582 4189 1053 4210 ···················
1096 4151 1167 4233 104

158 4257 188 4321 1.
927 4245 969 4318 31
