3168 5124
355 429 430 516 456
555 429 775 498 VALERII
806 427 1012 494 MAXIMI
1042 427 1138 494 LlB.
1167 427 1231 494 VI.

700 661 951 754 CAPUT
988 661 1074 752 VI.

530 901 578 964 De
579 896 657 986 fide
664 897 819 988 publica,
837 921 935 987 quam
952 897 1074 962 coluere
1093 897 1238 962 Romus

356 1077 375 1106 r.
389 1063 485 1108 Seustm
498 1073 614 1106 romanus.
626 1083 656 1094 -
673 1071 695 1103 a.
707 1057 733 1102 1.
744 1055 861 1112 Manlius,
873 1057 906 1102 Μ.
919 1056 1003 1102 sittim
1019 1070 1080 1103 coss.
1090 1081 1121 1092 -
1133 1055 1157 1102 3.
1169 1056 1236 1103 ldem
1249 1065 1340 1102 semtsu
1351 1071 1429 1102 roam·

479 1155 532 1186 uns.
545 1164 576 1174 -
587 1145 610 1193 a.
622 1140 648 1184 P.
660 1137 783 1184 Africanus
797 1136 910 1198 superior.
923 1159 955 1171 -
969 1137 991 1184 5.
1007 1136 1072 1184 Idem
1084 1146 1177 1184 senatus
1188 1153 1306 1184 manus

533 1307 580 1370 De
582 1301 660 1390 fide
668 1305 818 1394 publs'ca,
836 1327 934 1392 quam
950 1303 1072 1369 colluere
1087 1304 1238 1370 Extems‘.

706 1481 727 1511 r.
741 1464 871 1528 Saguntini.
885 1489 916 1499 -
929 1479 952 1511 a.
965 1463 1080 1511 Petellini.

420 1635 471 1691 DE
492 1635 587 1690 FIDE
608 1633 808 1702 Pusmcn,
828 1634 947 1700 Quen
968 1633 1160 1688 COLUERE
1181 1633 1356 1688 ROMANI.

409 1828 516 1922 Hujus
535 1827 677 1921 imagine
692 1838 769 1894 ante
783 1821 898 1894 oculos
913 1825 1038 1920 posita,
1056 1823 1244 1894 venerabile
1258 1825 1351 1894 Fidei
1370 1850 1431 1894 nu·

356 1960 433 2004 men
447 1933 617 2003 dexteram
634 1957 744 2016 suam,
759 1933 977 2000 certissimum
995 1931 1107 2002 salutis
1120 1933 1276 2002 humanae
1290 1933 1432 2028 pignus,

357 2055 501 2112 ostentat
515 2067 522 2110 :
538 2063 637 2134 quam
653 2063 784 2132 semper
799 2039 832 2106 in
847 2053 960 2108 nostra
978 2041 1110 2108 civitate
1128 2041 1290 2133 viguisse,
1306 2053 1341 2108 et
1358 2063 1429 2107 om-

356 2173 414 2217 nes
436 2162 550 2242 gentes
571 2159 744 2216 senserunt
755 2143 777 2228 ¹,
797 2159 830 2212 et
850 2169 911 2214 nos
932 2147 1046 2240 paucis
1067 2143 1224 2240 exemplis
1243 2169 1429 2240 recognos-

358 2279 482 2324 remus.

417 2385 445 2430 1.
466 2361 580 2448 Quum
598 2357 794 2428 Ptolemaeus
812 2355 887 2427 rex’
905 2373 1050 2428 tutorem
1069 2355 1229 2454 populum
1251 2382 1428 2428 romanum

360 2466 427 2534 filio
449 2464 653 2583 reliquisset,
676 2479 808 2534 senatus
828 2465 875 2533 M.
899 2463 1067 2534 AEmilium
1085 2465 1272 2560 Lepidum,
1289 2465 1427 2559 pontifi-

359 2599 431 2643 cem
448 2573 645 2657 maximum,
660 2571 709 2640 bis
727 2570 913 2660 consulem,
928 2571 970 2640 ad
988 2597 1081 2667 puers
1074 2569 1232 2641 tutelam
1247 2570 1422 2690 gerendam

359 2676 594 2748 Alexandriam
613 2677 702 2746 misit
708 2625 985 2773 ,amplissimique
1000 2693 1034 2746 et
1052 2679 1254 2808 integerrimi
1269 2677 1326 2744 vin'
1343 2700 1417 2743 san-

361 2788 507 2854 ctitatem
516 2775 733 2878 ,reipublicae
754 2784 867 2854 usibus
891 2800 924 2853 et
945 2786 1045 2856 sacris
1066 2769 1266 2880 operatam,
1279 2795 1420 2851 externas

406 2984 578 3038 sUSenserunt
589 2984 724 3037 Libertate
737 3003 784 3037 sua
797 2985 875 3038 orba·
920 2987 951 3039 R.
945 3021 966 3051 .‚
987 2998 1017 3040 ut
1032 2985 1142 3038 tutelam
1156 2986 1255 3058 pupilli
1272 2984 1430 3056 snaeiperet,

364 3078 408 3124 tre,
420 3077 446 3117 et
457 3062 578 3116 dominio
591 3065 667 3117 Rom.
681 3065 805 3135 subjectu
815 3084 876 3136 gen·
919 3083 1083 3137 regnumque
1091 3063 1364 3137 tueretur,quodjam
1370 3064 1431 3117 Phi·

364 3157 411 3198 tes.
430 3147 552 3196 Attamen
568 3144 696 3215 promissa
718 3145 875 3215 plerumque
919 3145 1008 3216 lippus
1019 3159 1046 3198 et
1058 3145 1222 3210 Antiochus,
1238 3145 1307 3198 saeta
1321 3145 1391 3198 inter
1404 3163 1430 3196 se

364 3235 503 3276 servarunt
513 3223 640 3288 Romani,
649 3243 698 3276 uec
707 3223 815 3276 illorum
825 3225 876 3278 fuit
919 3226 1058 3296 pactione,
1074 3223 1193 3279 divisisse
1207 3224 1377 3278 dicebantur.
1392 3255 1431 3267 —

363 3322 460 3374 greca,
471 3321 520 3355 nec
536 3303 647 3374 punica,
657 3315 687 3355 ut
701 3304 788 3368 aiunt,
800 3302 874 3358 fides.
919 3303 1061 3376 Pontificem
1073 3305 1339 3358 mocianumvalerius
1349 3317 1431 3368 errat;

362 3415 402 3424 ·-
419 3383 627 3452 Recognoscemm.
645 3383 800 3436 Perizonius
815 3384 876 3437 nul·
920 3403 982 3438 nam
994 3385 1031 3438 M.
1044 3385 1167 3438 AEmilius
1180 3383 1299 3457 Lepidus
1310 3385 1432 3457 pontifex

361 3462 414 3514 lius
434 3481 482 3514 nec
506 3461 563 3515 MS.
583 3481 632 3515 nec
652 3461 694 3516 etl.
721 3465 877 3518 auctoritate
920 3466 1048 3519 maximus
1072 3479 1110 3520 est
1132 3465 1216 3519 suctus
1235 3483 1307 3517 anno
1325 3463 1432 3518 demum

363 3541 506 3604 subnixus,
519 3553 545 3594 et
556 3555 652 3614 practer
667 3561 737 3608 rem,
749 3544 823 3596 malit
838 3565 876 3596 n·
919 3543 1028 3609 XXIII,
1036 3559 1177 3617 postquam
1188 3545 1279 3598 tutele
1290 3546 1360 3616 regis
1373 3563 1435 3616 pue·

365 3641 542 3690 cognoscentia.
920 3625 944 3677 ri
960 3623 1146 3696 (Epiphanis‚
1161 3625 1210 3678 filii
1232 3615 1432 3696 Philopatoris)

407 3721 431 3754 a.
451 3702 513 3754 Res.
529 3703 581 3754 An.
598 3701 667 3755 Urb.
683 3701 737 3771 595
760 3703 875 3756 circiter.
921 3699 1314 3770 destinarusesse13utdocuit
1330 3705 1436 3758 Perizo-

365 3783 429 3833 Tac.
440 3783 509 3834 Anu.
522 3781 566 3847 11,
581 3801 617 3852 97
627 3801 635 3846 ;
645 3783 661 3834 J
664 3783 743 3836 nstin.
757 3783 837 3834 XXX
851 3796 877 3836 et
920 3784 980 3836 nius
996 3784 1024 3836 in
1039 3783 1312 3838 animadversionibus
1325 3783 1432 3838 histori-

364 3861 466 3914 xxxl.
477 3861 597 3914 Justinus
605 3880 659 3914 non
668 3881 750 3932 arege
761 3874 876 3914 tutorem
921 3865 1053 3931 cis,V11,
1069 3884 1096 3935 p.
1112 3865 1177 3918 230.

365 3939 486 3994 relictum
496 3939 525 3993 P.
537 3941 568 3993 ll.
580 3941 659 3994 luisse
671 3939 750 4007 dicit,
760 3941 806 3994 sed
815 3961 877 4014 rege
962 3944 987 3997 3.
1002 3945 1143 4015 Opermam.
1158 3943 1201 3998 stc
1215 3945 1271 3997 fere
1285 3963 1380 3997 omnes
1390 3943 1434 3995 ha·

364 4031 469 4071 mortuo
495 4020 528 4072 ab
553 4020 738 4074 Alexandrinis
765 4024 877 4074 Romam
921 4025 984 4076 bent
994 4024 1068 4077 MSS.
1081 4025 1186 4096 Opes-ari
1195 4023 1338 4096 proprium
1348 4035 1389 4076 est
1400 4021 1433 4074 de

364 4098 457 4152 missos
470 4118 525 4152 esse
539 4100 653 4172 legatos,
664 4102 710 4175 qui
727 4115 835 4155 orarent
847 4103 876 4156 P.
921 4105 1015 4172 sacris,
1030 4117 1059 4158 ut
1076 4105 1160 4176 liquet
1179 4125 1211 4158 ex
1232 4105 1327 4175 fragm.
1347 4103 1433 4156 Lucil.
