3196 5122
417 479 490 562 alm
599 469 820 542 VALERII
853 467 1059 538 Maxlnu
1091 467 1188 536 LIB.
1216 467 1292 536 111.

415 629 516 702 opere
535 605 687 674 homines
708 601 833 672 sensuri
859 613 982 686 essent,
1013 598 1269 694 exspectandum
1292 623 1360 668 non
1375 612 1466 693 puta·

415 715 480 797 vit3
502 709 559 782 sed
577 711 727 806 protinus
749 709 811 778 hos
831 705 964 778 versus¹
987 705 1131 800 adjecit:

472 918 519 982 Οὐ
540 913 655 1005 νέμεσις
668 908 776 1003 Τρῶάς
795 935 829 978 τι
845 906 896 976 καὶ
917 900 1097 1000 εὐκνῆμιδας
1115 896 1248 1000 Ᾱχαιοὺς

468 1027 576 1129 'forst’
597 1034 675 1128 ἀμφὶ
688 1032 806 1128 γυναικὶ
819 1033 913 1100 πολὺν
932 1033 1039 1124 χρόνον
1057 1028 1153 1127 ἄλγεα
1170 1032 1310 1124 πάσχειν·

469 1158 567 1236 Αἰνῶς
580 1157 749 1250 ἀθανάτῃσι
763 1155 841 1233 deiri<
857 1153 897 1234 ιίς
912 1149 983 1222 ὦπα
1001 1156 1103 1222 ἔοικεν.

416 1361 551 1433 Adeone
567 1359 689 1428 dextrae
705 1381 772 1426 suae
792 1354 933 1424 multum
957 1355 1065 1449 pictor
1081 1359 1263 1450 arrogavit,
1282 1370 1320 1424 ut
1338 1381 1377 1425 ea
1395 1371 1470 1424 tsn-

416 1482 486 1536 tum
503 1462 625 1534 formu’
648 1461 922 1556 comprehensum
945 1459 1110 1562 crederet,
1132 1477 1290 1558 quantum
1308 1476 1365 1530 aut
1381 1462 1472 1531 leda

415 1571 534 1642 caelesti
548 1585 645 1664 partu
657 1569 769 1656 edere,
781 1582 839 1636 aut
847 1571 1011 1636 Homerus
1021 1566 1133 1638 divino
1145 1569 1276 1662 ingenio
1289 1570 1471 1664 exprimere

414 1674 548 1773 potuit?
662 1766 666 1774 Ι

469 1786 502 1868 d.
522 1769 672 1850 Phidias³
691 1801 823 1872 quoque
843 1779 979 1848 Homeri
993 1778 1144 1848 versibus
1164 1781 1296 1873 egregio
1318 1778 1409 1848 dieto
1424 1777 1469 1848 al·

415 1886 510 1973 lusit;
528 1884 702 1956 simulacro
716 1885 803 1952 enim
816 1885 907 1954 Jovis
922 1881 1066 1978 Olympii
1082 1883 1245 1980 perfecto,
1260 1909 1328 1978 quo
1343 1883 1469 1953 nullum

414 1993 620 2088 praestantius
634 2005 691 2059 aut
705 1988 927 2058 admirabilius
942 1988 1094 2058 bumanae
1111 1990 1277 2059 fabricatae
1291 1979 1387 2060 sunt⁴
1403 2013 1468 2058 nra·

414 2123 492 2185 nus,
509 2099 729 2190 interrogatus
747 2095 789 2163 ab
806 2097 929 2180 amico,
958 2117 1130 2190 «quonam
1146 2110 1289 2164 mentem
1310 2119 1405 2164 suam
1422 2095 1468 2163 di-

413 2205 537 2298 rigens,
558 2199 686 2270 vultum
703 2202 793 2270 Jovis
813 2199 1052 2295 propemodum
1075 2225 1114 2269 ex
1136 2201 1207 2294 ipso
1232 2200 1313 2270 oaelo
1331 2203 1469 2295 petitum

413 2309 521 2376 eboris
532 2305 736 2374 lineamentis
749 2319 833 2374 esset
847 2303 1061 2400 amplexusls
1079 2304 1140 2376 illis
1155 2331 1190 2375 se
1200 2292 1469 2401 versibus⁵quasi

414 2414 571 2506 magistro
589 2434 686 2480 usum
705 2409 873 2504 respondit
894 2437 903 2478 ε

414 2611 529 2673 XXXV,
542 2626 587 2672 so;
598 2619 624 2660 et
634 2608 728 2662 Cicero
741 2607 844 2680 passim.
855 2608 920 2662 Risu
963 2610 1078 2674 Plinius,
1092 2609 1225 2677 xxxvl,
1241 2609 1266 2664 5.
1278 2611 1392 2678 Quintil.
1403 2611 1469 2676 vn;

415 2691 499 2743 lertur
512 2699 645 2751 mortuus,
657 2705 739 2757 quum
753 2687 849 2758 pictam
865 2706 880 2740 a
894 2707 921 2740 se
964 2687 1019 2742 Cic.
1035 2691 1059 2742 Τ
1061 2709 1112 2743 use.
1128 2709 1172 2760 qu.
1188 2690 1209 2742 1.
1229 2691 1267 2744 De
1281 2690 1341 2742 love
1359 2691 1470 2762 Olympio

414 2787 493 2820 anum
513 2767 668 2819 intueretur.
686 2797 726 2808 -
742 2765 847 2820 Semuri.
868 2767 920 2820 Alii
963 2765 1064 2820 Phidiae
1076 2767 1140 2822 vid.
1151 2769 1266 2834 Plinius,
1282 2769 1420 2833 xxxlx,
1436 2771 1469 2834 8;

414 2850 513 2900 censuri.
522 2845 676 2916 Perperam,
685 2843 773 2914 judice
780 2845 919 2898 Torrenio.
963 2847 1074 2912 Quintil.
1089 2845 1182 2910 xxn,
1201 2863 1238 2900 ro.
1249 2848 1396 2902 Notusunt
1405 2850 1470 2917 ejus·

458 2944 481 2978 r.
496 2925 549 2976 Hos
561 2943 652 2976 uersus.
662 2924 751 2996 Vulgo
767 2925 803 2976 its
815 2938 921 2977 vertun-
962 2923 1023 2978 dem
1039 2944 1145 2996 quoque
1160 2925 1279 2978 Minerva
1299 2940 1326 2979 et
1341 2928 1466 2980 Nemesis.

414 3019 458 3059 tur
472 3022 479 3058 s
496 2999 575 3056 Haud
588 3016 655 3073 turpe
668 3015 704 3054 ess
722 3003 809 3064 Trous,
819 3003 920 3072 sulpeu-
963 3003 1049 3056 Nemo
1058 3005 1086 3058 in
1099 3006 1178 3058 ebore
1189 3006 1355 3076 prestantior
1364 3006 1414 3059 ruit
1427 3025 1468 3058 aa*

414 3097 492 3156 tuque
505 3103 552 3134 oere
568 3083 684 3151 Pelasgos
698 3079 806 3152 Conjuge
814 3101 861 3152 pro
876 3083 922 3134 ruli
963 3083 1035 3135 tifex.

415 3163 607 3228 dtuurnossem
612 3161 718 3213 dolores:
726 3161 837 3214 AEtemis
842 3162 920 3228 socies
1003 3167 1030 3224 d.
1051 3161 1190 3214 Fabrieatoe
1202 3175 1264 3216 runt.
1280 3163 1416 3216 Fabricsri
1426 3180 1469 3214 sa·

413 3245 484 3296 nimis
497 3254 533 3292 est
547 3239 664 3310 oequuuda
678 3239 773 3292 deabus.
962 3239 1021 3310 pius
1043 3241 1121 3292 etism
1134 3241 1235 3312 passive
1252 3242 1384 3306 ooeurrit;
1398 3239 1469 3294 unde

457 3341 482 3374 s.
504 3320 602 3372 Forma.
615 3317 734 3370 Perizon.
748 3319 860 3389 conjecit
866 3319 921 3383 sor·
962 3317 1038 3372 multi
1043 3318 1194 3384 subrisausn
1201 3320 1467 3392 proterunt-Vu-

416 3418 472 3460 Μ,
483 3397 510 3452 id
523 3409 577 3464 est,
588 3408 688 3448 tantam
698 3398 788 3449 iormre
803 3397 921 3467 pulchri·
963 3409 1012 3450 tuns
1027 3397 1152 3452 Jour's......
1174 3400 1304 3469 umplesus.
1327 3397 1360 3452 Id
1375 3399 1466 3463 est,si

416 3477 544 3532 tudinem.
557 3473 635 3541 Quod
646 3475 757 3528 Torren.
769 3477 805 3526 its
816 3477 920 3546 probat,
962 3475 1043 3528 Imm
1052 3481 1127 3547 ipsum
1136 3478 1164 3530 in
1176 3479 1256 3544 carlo,
1265 3497 1318 3550 quio
1330 3491 1398 3532 siue
1407 3496 1468 3530 eoa

415 3570 445 3610 ut
458 3552 551 3628 prium
563 3555 689 3618 abluerit,
701 3555 765 3625 quin
777 3555 805 3606 in
821 3567 919 3607 testum
963 3558 1062 3621 suerit,
1082 3555 1224 3627 aliquando
1240 3557 1361 3622 vidisset,
1376 3557 1467 3610 melios

415 3635 551 3705 reciperet.
573 3665 612 3678 -
631 3633 705 3686 laedu.
719 3631 838 3702 Tyndari
854 3636 920 3704 regis
963 3648 988 3686 et
1008 3635 1188 3688 subtilioribus
1206 3636 1349 3708 sculpturis
1364 3637 1467 3689 caelatu-

417 3731 501 3778 uaor,
519 3731 630 3783 quacum
646 3713 751 3784 Jupiter
769 3713 818 3764 sub
841 3714 920 3785 cygni
949 3713 1050 3784 ,risque
1063 3726 1132 3766 certe
1147 3733 1200 3768 non
1215 3715 1368 3770 effinxisset.

416 3791 502 3863 specis
519 3811 575 3844 rem
595 3792 716 3846 babuisse
736 3787 850 3844 creditus
863 3804 917 3854 ent,
1004 3794 1028 3845 d.
1051 3793 1172 3846 Versibus.
1193 3793 1281 3866 Vulgo
1304 3795 1340 3848 ite
1362 3807 1467 3846 vertun-

416 3869 487 3924 uude
499 3872 602 3942 peperit
612 3889 674 3932 ovs,
687 3891 718 3924 ex
732 3871 828 3942 quibus
841 3869 919 3924 Hele·
961 3884 1005 3924 tur
1019 3889 1026 3924 ε
1041 3873 1123 3944 Atque
1136 3875 1265 3942 superciliis
1281 3871 1408 3926 Saturniru
1423 3893 1469 3924 us·

414 3969 464 4017 ne,
481 3951 573 4004 Castor
588 3962 614 4003 et
630 3951 731 4005 Pollux.
962 3955 1015 4003 naut
1023 3956 1096 4012 «τινὰ,
1109 3953 1344 4024 Ambmioestwn
1355 3973 1427 4006 eom
1438 3952 1468 4003 de

457 4030 483 4082 3.
503 4031 613 4082 Phidias.
629 4030 715 4094 Quem
731 4031 790 4102 (pris
801 4030 920 4099 ignoret,
961 4033 1049 4082 uertice
1060 4035 1121 4101 regis
1137 4032 1245 4085 AEremi.
1262 4035 1380 4086 Astaueu
1393 4044 1466 4086 rote·

415 4107 920 4180 ejusqueJoremOlympium.Videstur
961 4115 1077 4164 meursii
1091 4109 1225 4182 Olympum.
