3184 5132
357 493 426 566 158
540 453 1004 562 vinoun-utrubi
1038 493 1134 560 Lm.
1168 493 1221 560 11.

349 626 467 696 laureae
494 623 638 694 ramulos
669 623 899 696 festinabunda
927 649 1028 692 manu
1053 623 1298 718 decerpserunt.
1323 627 1406 694 Car·

349 733 492 827 thaginis
515 733 651 826 imperio
676 731 816 825 abrupta
837 733 1015 824 Hispania,
1031 745 1064 799 et
1084 730 1198 800 Sicilire
1221 745 1322 826 caput
1344 733 1404 800 ab·

350 840 660 932 scisumSyracusae,
670 835 885 931 triumphales
893 837 1033 932 jungere
1044 861 1159 906 currus
1175 838 1405 930 nequiverunt;

349 959 382 1013 et
399 943 517 1038 quibus
540 941 641 1012 viris?
661 944 805 1038 Scipioni
823 957 856 1012 ct
875 941 1035 1012 Marcello
1055 996 1064 1030 ‚
1086 967 1228 1036 quorum
1251 944 1320 1037 ipsa
1347 969 1404 1012 no·

350 1052 441 1118 mina
459 1049 575 1118 instar¹
592 1051 706 1118 aeterni
721 1063 797 1118 sunt
819 1049 994 1144 triumphi;
1009 1048 1065 1118 sed
1080 1047 1280 1118 clarissimos
1296 1047 1405 1118 'solidae

348 1181 497 1250 veraeque
518 1156 648 1224 virtutis
670 1169 841 1242 auctores,
864 1156 1010 1224 humeris
1032 1156 1098 1224 suis
1124 1153 1262 1224 sulutem
1295 1157 1404 1250 patrie

348 1275 528 1356 gestantes,
546 1264 606 1330 etsi
623 1275 798 1330 coronatos
815 1263 934 1330 intueri
950 1275 1081 1330 senatus
1097 1260 1268 1356 cupiebat,
1278 1261 1404 1354 justiori

350 1383 459 1436 tamen
479 1367 694 1436 reservandos
716 1366 834 1436 laureae
855 1369 992 1461 putavit.

402 1471 435 1544 6.
465 1476 525 1543 His
548 1470 627 1541 illud
654 1474 866 1542 subnectam:
890 1475 991 1542 moris
1020 1487 1091 1542 erat
1100 1469 1123 1558 ²,
1142 1471 1184 1540 ab
1210 1475 1404 1566 imperatore

349 1580 554 1675 triumphum
576 1579 718 1648 ducturo
740 1578 890 1648 consules
910 1581 1041 1648 invitari
1061 1578 1103 1646 ad
1123 1602 1273 1662 coenam3
1290 1577 1404 1648 deinde

351 1689 476 1780 rogari,
495 1691 660 1756 revenire
679 1670 961 1780 supersedeant³3
975 1709 1016 1752 ne
1038 1685 1110 1779 quis
1129 1709 1168 1752 eo
1186 1683 1255 1772 dic,
1268 1709 1335 1779 quo
1354 1685 1405 1754 ille

351 1792 575 1887 triumpharit,
594 1791 727 1885 majoris
746 1793 780 1860 in
801 1791 916 1860 eodem
938 1793 1092 1860 convivio
1116 1792 1158 1858 sit
1177 1791 1314 1884 imperii.

287 2019 291 2026 ·
351 1993 677 2066 peius:«Myoparonem,
691 1991 856 2062 inquit,esse
900 2009 981 2042 aeram
995 1989 1088 2042 hakon
1097 1989 1406 2044 mutaticum-tau·

350 2091 430 2144 genus
439 2073 572 2143 navigiiex
580 2069 857 2124 duobusdissimilibus
900 2090 955 2122 rere.
970 2071 1052 2140 Cujus
1066 2088 1127 2122 usus
1142 2071 1170 2122 in
1180 2070 1321 2142 triumphis
1333 2083 1403 2125 erat:

351 2155 500 2204 formatum.
515 2151 582 2204 Sunt
603 2149 710 2222 quidem
728 2169 856 2220 perones,
900 2149 1046 2222 humatique
1071 2149 1165 2202 milites
1184 2168 1292 2203 currum
1314 2151 1406 2204 trium·

350 2229 855 2304 quosetpironesvocatEthicnsHister.
900 2229 1006 2299 phantis
1025 2229 1209 2300 sequebantur.
1231 2229 1312 2282 Notat
1327 2230 1405 2300 igitur

350 2312 398 2364 llis
411 2311 535 2374 navibus,
549 2308 642 2363 eodem
656 2321 733 2372 teste,
747 2310 856 2361 uteban·
900 2309 943 2361 bic
957 2327 1014 2373 eos,
1029 2309 1076 2380 qui
1091 2309 1126 2360 ob
1139 2309 1243 2380 exiguas
1256 2327 1297 2361 res
1313 2311 1406 2362 trium·

351 2404 396 2444 tur
408 2389 514 2450 Albani,
528 2390 642 2452 Maeotae,
652 2389 775 2456 Maure,
787 2387 857 2440 Gan·
899 2388 984 2458 pbum
1001 2401 1047 2442 aut
1062 2387 1211 2440 ovationem
1231 2389 1403 2458 postularunt.

309 2505 316 2528 ,
351 2471 431 2541 gines.
450 2469 498 2521 Hae
515 2468 605 2520 etalio
621 2467 728 2519 nomine
751 2467 856 2519 tulcbiss
900 2468 934 2518 Et
941 2468 1055 2539 pertinet
1065 2465 1191 2519 bucillud
1202 2467 1337 2520 Ciceronis
1345 2487 1404 2540 epp.

352 2561 487 2601 vocantur.
496 2548 580 2598 Porro
588 2565 699 2618 perones
708 2543 791 2598 dictos
799 2545 858 2598 Sui·
901 2546 934 2598 ad
953 2547 1032 2599 Attio.
1042 2547 1075 2610 V,
1094 2565 1136 2618 ep.
1160 2565 1213 2612 ao,
1234 2547 1361 2598 launoium
1380 2552 1404 2598 ia

351 2627 397 2681 das
412 2627 499 2679 innuit
516 2627 549 2679 ab
569 2626 652 2678 insula
669 2625 749 2686 Paro,
767 2626 810 2678 cui
830 2639 856 2678 et
899 2638 1017 2678 mustaceo
1027 2645 1148 2698 quaerere:
1163 2624 1235 2696 quod
1245 2639 1354 2698 usurpat
1372 2625 1405 2678 ds

350 2707 532 2779 Aristophanis
544 2706 699 2777 interpretes
712 2706 856 2758 assentiun·
899 2707 1010 2770 Bibulo,
1021 2705 1080 2776 qni,
1088 2717 1226 2776 postquam
1234 2705 1406 2759 Cicerobmn·

351 2801 404 2840 tur.
427 2813 437 2833 ι
457 2785 499 2839 sic
524 2785 656 2856 Gyraldas.
677 2791 712 2838 At
734 2787 758 2836 Τ
756 2786 856 2857 kyrica:
899 2804 963 2838 num
974 2787 1028 2854 J’am
1041 2783 1187 2858 diripuerat
1200 2797 1405 2856 atqucvastave·

355 2893 366 2914 ι
375 2865 448 2932 Quid
458 2867 480 2919 si
492 2865 633 2937 gallicane}
645 2866 791 2936 germanica
804 2883 855 2917 vox
898 2864 1081 2935 rat,triumpbi
1091 2863 1236 2936 cupiditate
1244 2863 1403 2918 ductnscum

351 2945 401 3000 siti
413 2947 480 2999 Nam
491 2959 517 2998 et
535 2963 664 3017 perones,
677 2947 731 2997 sive
746 2963 855 2997 varones
898 2944 1016 2996 obscuris
1027 2957 1053 2996 et
1062 2945 1174 2996 infirmis
1185 2944 1404 2998 bominibusoon·

351 3045 365 3077 a
384 3025 532 3097 navigando
548 3024 642 3090 dictos,
664 3039 738 3078 retus
752 3025 855 3076 lexicon
898 3023 987 3094 digere
998 3023 1090 3076 voluit.
1106 3023 1252 3075 Mustaasum
1266 3041 1348 3095 genus
1358 3024 1404 3077 libi

350 3106 480 3176 belgicum
490 3105 730 3158 attestanustasren
739 3105 810 3156 enim
817 3115 856 3156 est
897 3115 948 3168 est,
965 3105 1008 3155 cui
1026 3105 1093 3156 lauri
1115 3103 1177 3154 folia
1191 3103 1402 3174 subjiciebantur.

349 3185 480 3256 navigare.
492 3211 503 3232 ι
526 3185 644 3253 Scaligeri
660 3185 786 3237 sententia
799 3183 855 3236 haec
898 3214 937 3224 -
950 3183 1137 3234 Festinabaada.
1151 3183 1221 3247 Quia
1231 3181 1352 3234 nondum
1363 3201 1403 3234 res

350 3277 411 3318 est:
428 3265 558 3336 Myoparo
577 3283 609 3316 ex
632 3281 694 3333 myo
714 3275 741 3315 et
755 3281 855 3333 parone
897 3262 1402 3332 gesserant,quibusmeritoribitrium·

350 3343 740 3416 componitur.Aformaautem
749 3349 856 3412 pudure,
897 3341 967 3412 pbus
980 3339 1174 3393 decerneretur.

349 3423 400 3477 boc
407 3437 460 3489 est,
470 3421 739 3495 angustaetoblonga:
748 3433 777 3473 ut
784 3440 856 3491 myo·
942 3439 964 3474 r.
973 3422 1062 3472 Instar.
1073 3422 1119 3473 Est
1128 3421 1283 3473 substantiv.
1294 3433 1319 3473 et
1328 3422 1404 3492 signi·

351 3504 475 3569 borbum,
483 3515 605 3574 angustus
611 3513 637 3554 et
644 3502 771 3570 oblongus
776 3501 854 3553 Libe·
897 3499 958 3553 licat
970 3505 1081 3570 speciem,
1094 3499 1284 3560 sirailitadinem,
1298 3501 1401 3560 madeus,

350 3583 373 3633 ri
380 3583 462 3652 patris
468 3580 852 3650 cantharus-Laudisinopcs.
897 3583 1031 3650 imaginem.
1045 3579 1087 3632 Sic
1097 3579 1209 3632 sueton.
1223 3581 1288 3632 Cres.
1306 3584 1352 3644 δι,
1366 3579 1404 3631 di·

350 3659 465 3728 Forsan,
480 3661 558 3713 hedis
571 3663 770 3732 apparatissimos
777 3679 787 3721 ,¹
803 3677 854 3730 qua
897 3660 946 3711 cit:
958 3663 1147 3731 epitimiorum,
1161 3659 1180 3712 i.
1190 3678 1212 3721 e,
1225 3659 1402 3712 simulacrum.

349 3758 444 3810 nempe
457 3759 591 3812 nunquam
611 3741 755 3803 satiantur,
769 3737 854 3792 sedse
897 3738 955 3790 Liv.
977 3739 1113 3801 xxvm,
1141 3755 1189 3809 17,
1207 3739 1287 3792 habet
1304 3759 1403 3810 parvum

350 3837 453 3889 semper
468 3838 551 3888 egenos
567 3833 592 3873 et
608 3824 687 3890 inopes
698 3819 776 3871 laudis
789 3835 853 3890 que·
897 3822 984 3874 instar,
1002 3819 1019 3871 i.
1034 3837 1057 3870 e.
1074 3819 1196 3890 speciem.

351 3911 455 3952 rantur.
470 3899 512 3951 Sic
527 3913 597 3952 certe
611 3899 667 3952 bec
680 3901 759 3952 verba
772 3899 853 3950 inter·
939 3917 963 3950 a.
977 3899 1054 3950 Moris
1066 3909 1126 3948 erat.
1139 3895 1224 3950 Codd.
1239 3895 1312 3950 MSS.
1331 3915 1404 3949 com·

349 3990 465 4050 pretatus
484 3991 522 4030 est
541 3979 628 4049 Kapp.
651 3991 744 4032 contra
756 3980 854 4030 Torre-
896 3977 984 4048 plures
998 3977 1122 4029 exbibcnt
1136 3980 1207 4028 maris
1220 3989 1263 4029 ese.

350 4057 445 4123 nium,
463 4058 509 4128 qui
528 4076 557 4109 ea
580 4059 672 4110 maluit
693 4058 726 4112 ad
751 4059 853 4110 ramulos
938 4058 963 4110 3.
981 4057 1015 4108 Ut
1024 4060 1104 4108 venire
1117 4055 1289 4126 supersedeant.
1304 4053 1337 4108 ld
1350 4068 1402 4119 est,

349 4137 448 4192 referre
455 4150 481 4191 et
487 4137 631 4207 explicare:
640 4139 727 4190 laarw
734 4139 849 4197 maritas,
897 4137 1019 4210 omittant
1034 4137 1123 4190 venire
1138 4134 1172 4188 ad
1184 4153 1293 4191 conum.
