3218 5128
371 509 391 580 8
572 507 796 576 VALERII
833 505 1042 576 ΜΑΧΙΜΙ
1070 507 1168 576 LIB.
1201 505 1227 574 I.

368 641 424 710 sed
453 641 550 709 etiam
579 637 818 733 amplificandae
844 638 1118 733 religionisfuit,
1143 653 1179 707 ut
1204 635 1432 709 florentissima

368 762 438 816 tum
458 761 491 814 et
510 744 753 839 opulentissima
770 748 918 833 civitate,
936 745 1046 814 decem
1069 747 1255 840 principum
1271 743 1328 814 lilii
1343 749 1376 814 S.
1391 750 1430 816 C.

368 851 505 947 singulis
528 855 691 921 Hetruriae
718 853 867 947 populis,
897 851 1113 947 percipiendae
1136 875 1304 920 sacrorum
1333 852 1431 920 disci-

371 959 468 1053 plina
487 961 610 1052 gratia,
625 959 843 1028 traderentur.

424 1067 602 1158 Cererique
615 1065 637 1152 ¹,
659 1091 757 1160 quam
774 1091 866 1134 more
884 1067 1003 1134 Graeco
1025 1059 1175 1132 venerari
1198 1065 1433 1150 instituerant,

370 1171 574 1240 sacerdotem
597 1195 616 1239 a
637 1171 748 1257 Velia,
770 1195 872 1266 quum
892 1171 925 1238 id
946 1170 1104 1265 oppidum
1124 1170 1270 1238 nondum
1294 1170 1433 1238 civitatis

373 1303 494 1346 nomen
523 1279 720 1371 accepisset,
743 1277 946 1347 Culcitanam
969 1291 1132 1371 peterent,
1157 1275 1231 1364 vel,
1253 1289 1291 1343 ut
1311 1273 1363 1343 alii
1384 1274 1433 1342 di-

374 1399 469 1472 cunt,
484 1383 756 1478 Callipliennam3
771 1409 813 1452 ne
831 1383 899 1452 deae
917 1384 1054 1452 vetustis
1073 1381 1204 1450 ritibus²
1224 1383 1329 1476 perita
1342 1377 1433 1450 dees-

374 1505 422 1558 set
443 1491 586 1559 antistes.
609 1492 712 1583 Cujus
730 1515 831 1583 quum
848 1491 880 1556 in
899 1489 981 1557 urbe
996 1487 1255 1583 pulcherrimum
1277 1486 1434 1581 templum

375 1596 558 1682 haberent,
587 1597 784 1665 Gracchano
809 1581 974 1664 tumultu³
997 1597 1112 1664 moniti
1135 1593 1297 1688 Sibyllinis
1316 1591 1435 1679 libris,

377 1777 529 1845 Letuvtt,
547 1781 643 1850 legitur
663 1779 827 1840 observande,
842 1779 884 1832 cui
928 1779 991 1832 belli
1014 1779 1116 1832 Punici.
1140 1778 1255 1832 Ceumm
1279 1777 1380 1842 etiem,
1402 1795 1437 1829 ne

377 1877 431 1912 non
448 1859 515 1912 inest
529 1873 600 1914 tanta
617 1873 643 1913 et
659 1873 712 1912 tam
727 1860 796 1912 clare
816 1859 884 1911 enti·
929 1859 988 1930 quis
1001 1877 1082 1911 novas
1098 1856 1277 1910 introduceret
1289 1857 1435 1928 religiones.

377 1939 457 1992 thesis
475 1959 544 2011 resp.
560 1959 613 2012 seq.
629 1959 687 1993 voc.
701 1939 884 2010 amplificandae.
929 1969 969 1982 -
992 1939 1075 1998 Velia,
1090 1937 1167 1990 Helie
1180 1957 1200 1990 s.
1216 1938 1290 2000 Eleo,
1308 1935 1438 2008 oppidum

378 2020 420 2071 nn
434 2038 540 2091 quoqne
553 2033 620 2073 auct.
641 2021 725 2087 infra,
740 2021 769 2084 1,
786 2039 814 2087 r,
838 2035 884 2072 11:
929 2019 1052 2072 Lucania
1065 2015 1099 2070 ed
1119 2017 1204 2070 sinum
1225 2017 1381 2069 Pestenum.
1398 2045 1437 2059 --

377 2101 526 2169 exemplum
553 2113 652 2152 sensate
677 2099 830 2170 religionis,
856 2117 886 2151 ec
931 2097 1001 2150 Vide
1020 2097 1104 2151 Cicer.
1128 2115 1178 2168 pro
1194 2096 1290 2160 Balbo,
1310 2113 1367 2167 cap.
1392 2101 1437 2160 ¹4·

301 2193 306 2202 ·
378 2179 436 2242 111,
447 2181 480 2244 8,
497 2183 532 2231 6:
549 2181 570 2230 ei
588 2179 688 2250 patrina
704 2197 761 2230 mos
774 2191 885 2230 servetur.
930 2175 1067 2248 dicit‚jem
1076 2175 1123 2228 diu
1133 2174 1439 2228 anteloederotamluisse

379 2289 418 2300 -—
439 2256 537 2308 Passim
550 2279 563 2308 e
571 2260 741 2328 florentissime
753 2277 763 2318 ,·
781 2255 826 2310 sed
841 2257 888 2309 ab·
931 2254 1118 2320 civitatemtde
1126 2255 1178 2308 hoo
1188 2273 1251 2308 vero
1260 2267 1378 2327 tempore
1388 2252 1439 2306 eit:

379 2349 418 2388 est
425 2337 575 2406 praepositio
585 2336 806 2408 aquamplurimis
813 2337 887 2390 MSS.
932 2347 987 2386 onte
1000 2339 1117 2386 civitatem
1134 2336 1282 2387 Veliensibus
1298 2335 1394 2392 dotem.
1411 2332 1440 2385 id

381 2427 407 2466 et
424 2415 546 2467 omnibus
563 2415 695 2468 veteribus
717 2413 887 2470 editionibus.
933 2413 1442 2484 eoniusciviumliomenornm.1ntelli·

382 2494 892 2556 -Deeem.Fortassednodecim,exmen-
932 2493 1032 2566 gendm
1042 2494 1123 2567 igitur
1137 2495 1197 2547 vat.
1212 2496 1285 2548 locus
1298 2493 1332 2547 de
1346 2497 1441 2546 civitate

382 2586 409 2626 te
420 2573 501 2644 Lipsii
510 2611 517 2638 ‚
526 2593 608 2645 quum
623 2587 662 2628 tot
678 2587 764 2628 essent
776 2575 890 2628 Etrurine
933 2593 1040 2628 mmm.
1051 2607 1087 2618 -
1095 2574 1285 2646 Calliphennern.
1296 2574 1352 2626 Cie.
1364 2573 1441 2626 catn-

382 2653 509 2705 nationes.
538 2654 593 2705 Nec
624 2667 711 2706 tamen
734 2654 891 2708 mutandum
931 2655 1211 2727 planonappellet‚et
1224 2653 1259 2706 ita
1272 2654 1329 2706 MS.
1343 2652 1441 2706 Coleei.

382 2730 889 2806 quidquamoeneentTorren.etKapp.
935 2734 1063 2787 Nonnulli
1087 2735 1185 2786 habent
1211 2733 1388 2804 Culminiam,
1415 2744 1443 2784 et

384 2829 466 2882 quum
476 2813 511 2864 ob
520 2814 691 2866 constantiam
703 2813 782 2868 codd.
792 2826 818 2866 et
828 2827 890 2868 vett.
934 2815 1014 2882 paulo
1034 2826 1095 2866 ante
1112 2833 1162 2885 pro
1188 2813 1338 2866 Calcitenarn
1355 2811 1442 2883 potius

384 2890 446 2948 edd.
459 2886 508 2952 (in
521 2893 754 2963 quihusomnihns
769 2895 846 2945 decem
858 2894 894 2946 le·
937 2893 1092 2946 Colciteriene
1104 2905 1130 2945 et
1146 2891 1322 2946 calcinariam.

384 2968 714 3044 gitur)‚tumquoqneob
727 2971 851 3046 id‚quod
865 2973 893 3025 in
978 2993 1002 3026 a.
1035 2975 1143 3024 Vetustis
1172 2973 1254 3024 ritibru
1283 2969 1443 3041 antiquiores

384 3052 463 3104 sacris
484 3070 609 3105 numerus
628 3051 751 3106 denarius
768 3053 893 3106 Romanis
936 3050 1010 3106 editt.
1022 3071 1083 3105 cnm
1097 3049 1175 3105 codd.
1188 3052 1262 3105 MSS.
1275 3069 1319 3123 op.
1328 3051 1441 3102 Torren.

385 3128 461 3182 valde
472 3130 571 3200 placuit
581 3150 588 3184 :
599 3129 670 3186 unde
680 3133 831 3204 frequenter
841 3151 894 3185 me-
937 3131 1029 3184 oitetis.
1043 3133 1176 3203 Rupertus
1189 3149 1221 3184 ex
1238 3129 1343 3202 ingenio
1363 3127 1444 3182 eude-

386 3223 525 3262 morantur
546 3212 668 3265 decemviri
691 3231 830 3277 sacrorum,
852 3213 895 3263 de·
937 3209 1445 3283 cterreposuit:neCeeeriperitadeesset

386 3291 481 3342 serneiri
502 3290 569 3342 tibin
591 3291 715 3362 Sibyllinis
734 3293 893 3363 inspiciendis.
938 3295 1044 3344 antistes.
1064 3289 1172 3362 Pighius
1189 3289 1322 3362 edjectivo
1341 3288 1445 3340 nomini

387 3401 427 3412 --
450 3367 533 3422 Cicer.
551 3368 585 3422 de
598 3371 714 3424 Divinnt.
729 3373 757 3436 1,
775 3389 832 3443 cap.
847 3377 893 3433 41.
935 3375 1014 3440 perita
1033 3371 1225 3422 substantivum
1244 3387 1318 3423 casus
1337 3363 1445 3421 secundi

431 3469 454 3502 r.
478 3448 612 3523 Cererique.
629 3451 896 3504 Torreniusintestn
939 3447 1116 3521 adjiciendum
1147 3467 1201 3503 esse
1232 3461 1343 3521 putans,
1362 3457 1446 3500 mute·

386 3527 467 3579 habet
487 3529 569 3582 Cereri
589 3549 698 3602 quoque‚·
716 3541 742 3581 et
763 3530 799 3582 sic
816 3531 896 3601 vulgo
938 3530 978 3582 vit
1004 3530 1065 3582 sio:
1090 3547 1119 3580 ne
1140 3529 1191 3581 dese
1213 3533 1303 3582 uetusti
1322 3531 1382 3580 ritus
1400 3545 1445 3597 pe·

389 3606 639 3676 legitur.Vindiennt
648 3611 707 3663 lect.
716 3623 833 3662 nostram
842 3627 897 3661 om·
940 3613 988 3660 rite
1006 3609 1095 3660 deesset
1116 3613 1221 3661 antistes.
1240 3607 1363 3662 sednon
1378 3623 1446 3676 opus

389 3704 436 3738 nes
447 3686 501 3740 lere
511 3688 585 3743 MSS.
596 3709 656 3743 curn
669 3702 732 3742 vett.
742 3687 803 3742 edd.
811 3708 819 3754 ;
828 3707 894 3742 eam·
940 3701 979 3742 eat
987 3689 1147 3752 mutatione,
1159 3689 1240 3742 immo
1253 3705 1342 3740 sensus
1352 3685 1448 3758 planis-

391 3783 443 3834 que
459 3785 543 3838 nuper
556 3769 643 3842 Kapp.
659 3769 755 3822 merito
772 3781 896 3840 sequutus
941 3769 1020 3822 simus
1033 3780 1085 3836 eat,
1093 3767 1173 3821 modo
1189 3771 1267 3821 rerba
1279 3771 1379 3819 ostentis
1392 3769 1448 3817 riti·

391 3857 441 3907 est,
450 3845 624 3918 quoniamque
633 3861 799 3921 estpreetereo,
811 3861 896 3901 etser·
941 3849 984 3900 bns
999 3867 1060 3902 cum
1073 3867 1137 3901 voce
1152 3849 1239 3900 deesset
1253 3857 1446 3900 construantur.

390 3924 896 4000 vittransitioniadnovnmexemplum.
941 3961 980 3971 -
1008 3930 1086 3980 Anno
1110 3929 1183 3980 urbis
1205 3928 1270 3982 356.
1290 3927 1374 3978 Cicer.
1397 3943 1447 3996 pro

390 4035 430 4045 --
442 4003 511 4054 More
524 4003 622 4068 Groeeo,
636 4027 684 4061 nec
700 4010 764 4074 alio,
778 4009 896 4062 venerari
941 4008 1036 4071 Balbo,
1052 4025 1075 4060 c.
1096 4014 1141 4069 24.

391 4099 448 4133 eam
471 4083 554 4136 licuit.
579 4085 711 4158 Praecipue
734 4107 748 4140 a
769 4089 896 4141 matronis
981 4088 1007 4140 3.
1033 4088 1152 4138 Tumulus.
1175 4082 1300 4154 indigitat
1320 4097 1445 4154 tempus,

391 4163 547 4216 Ceresculte
561 4163 673 4219 estvid.
686 4167 744 4220 Liv.
759 4167 825 4221 Hist.
844 4185 896 4221 see.
940 4183 993 4238 qno
1007 4165 1034 4218 id
1048 4167 1160 4230 lactum,
1174 4181 1269 4235 nempe
1284 4166 1314 4216 A.
1329 4164 1363 4215 U.
1378 4166 1444 4215 620.
