3168 5124
190 513 285 582 cir.
314 512 367 596 11,
394 511 457 579 on
486 473 651 578 trauan
682 510 803 578 ulcr.
833 509 925 578 lun
953 509 1078 578 raca.
1139 514 1213 606 427

133 643 218 712 dum
245 643 309 714 illic
331 667 466 728 moror,
490 641 557 712 vidi
580 653 755 710 cruentum
780 643 841 710 Cn.
866 642 1052 710 Domitium
1073 641 1212 712 Aheno-

132 749 300 820 barbum¹
316 750 513 835 deflentem,
533 748 624 844 quod
639 773 770 817 summo
792 772 914 842 genere
935 761 1050 836 natus,
1068 749 1212 842 integer·

133 860 229 926 rimae
242 859 335 945 vitae,
355 857 599 926 amantissimus
620 855 752 950 patriae,
771 855 805 922 in
827 856 898 948 ipso
913 855 1213 948 juventutis'flore,

132 978 195 1033 tuo
205 966 299 1058 jussu
311 979 397 1034 esset
408 965 555 1034 occisus:
569 962 637 1032 vidi
649 964 721 1056 pari
735 960 885 1032 claritate
902 963 1120 1056 conspicuum
1133 965 1213 1032 Bru-

133 1085 208 1140 tum
223 1069 233 1094 ²
251 1071 340 1140 ferro
360 1070 566 1157 laceratum,
588 1083 782 1164 querentem
801 1067 835 1137 id
857 1069 918 1138 sibi
940 1070 1032 1163 prius
1050 1068 1211 1163 perfidia,

133 1177 258 1246 deinde
280 1181 378 1247 etiam
406 1177 601 1247 crudelitate
619 1192 676 1244 tua
703 1174 883 1244 accidisse:
903 1174 970 1242 vidi
990 1175 1052 1243 Cn.
1077 1175 1211 1244 Carbo-

132 1269 232 1352 nem³
249 1287 446 1354 acerrimum
465 1286 613 1379 pueritiae
630 1297 714 1368 tuae,
732 1281 965 1377 bonorumque
977 1281 1080 1376 patris
1095 1284 1142 1350 tui
1159 1283 1212 1352 de·

133 1390 322 1478 fensorem,
337 1393 371 1460 in
383 1394 484 1460 tertio
502 1388 677 1460 consulatu
692 1391 834 1475 catenis,
856 1413 938 1482 quas
953 1403 991 1457 tu
1004 1389 1033 1456 ei
1047 1389 1135 1482 injici
1145 1389 1211 1484 jus·

133 1522 244 1574 seras,
262 1501 430 1585 vinctum,
446 1497 668 1566 obtestantem
692 1510 739 1582 te,
755 1495 914 1566 adversus
927 1519 1027 1564 omne
1043 1493 1093 1564 fas
1110 1509 1210 1590 atque

133 1604 247 1690 nefas,
262 1629 364 1698 quum
378 1606 411 1671 in
425 1629 556 1672 summo
574 1617 661 1671 esset
678 1603 836 1696 imperio,
854 1625 875 1670 a
894 1615 927 1671 te
943 1603 1053 1695 equite
1071 1624 1210 1670 romano

132 1711 360 1779 trucidatum:
379 1709 447 1778 vidi
474 1709 592 1778 eodem
617 1709 734 1778 habitu
761 1723 795 1776 et
812 1695 998 1802 quiritatul
1017 1710 1210 1802 praetorium

131 1819 246 1884 virum
264 1819 467 1910 Perpernam
482 1817 640 1886 sevitiam
656 1830 748 1884 tuam
762 1827 987 1884 exsecrantem
1003 1839 1013 1901 3
1029 1839 1211 1909 omnesque

132 1948 193 1992 eos
220 1948 288 1991 una
307 1947 389 1992 voce
408 1923 635 2018 indignantes,
653 1921 743 2016 quod
765 1921 945 1991 indemnati
963 1920 1026 1989 sub
1047 1935 1080 1989 te
1098 1919 1209 1990 adole·

133 2028 288 2098 scentulo
300 2009 456 2099 carnifice
474 2029 704 2100 occidissent»
723 2028 881 2098 Obducta
893 2029 963 2122 jam
979 2029 1117 2096 vetustis
1130 2029 1212 2096 cica-

132 2136 274 2205 tricibus
292 2135 456 2206 bellorum
471 2136 618 2206 civilium
638 2137 822 2206 vastissima
840 2133 1000 2221 vulnera,
1019 2133 1210 2229 municipali

133 2243 264 2312 homini
271 2228 294 2328 ⁵,
309 2245 501 2312 servitutem
517 2257 689 2338 paternam
703 2240 881 2328 redolenti,
893 2241 1063 2311 effrenatae
1077 2241 1209 2312 temeti·

134 2351 229 2436 tatis,
242 2343 456 2419 intolerabilis
468 2351 619 2444 spiritus,
633 2351 770 2444 impune
789 2373 947 2418 revocare
961 2347 1054 2417 licuit
1070 2374 1077 2416 :
1097 2350 1209 2443 itaque

134 2481 175 2525 eo
198 2471 349 2552 tempore
369 2471 403 2526 et
421 2456 635 2525 fortissimum
652 2471 724 2525 erat
737 2459 798 2525 Cn.
814 2457 972 2549 Pompeio
991 2453 1207 2542 maledicere,

133 2577 168 2631 et
191 2563 407 2649 tutissimum3
428 2561 569 2632 sednon
593 2565 716 2658 patitur
737 2589 797 2632 nos
818 2561 883 2632 boc
901 2561 1051 2656 longiore
1073 2559 1209 2656 querela

132 2671 291 2764 prosequi
310 2695 459 2764 personae
477 2671 678 2764 insequentis
699 2669 868 2764 aliquanto
891 2695 963 2738 sors
989 2667 1153 2738 humilior.

187 2817 223 2890 9.
247 2791 404 2890 Diphilus
422 2795 609 2890 tragoedus,
629 2819 732 2888 quum
753 2791 999 2889 Apollinaribus
1019 2791 1104 2862 ludis
1122 2795 1208 2862 inter

175 3015 203 3050 1.
232 2996 427 3050 Aenobarbum.
453 2996 597 3068 Pompeius
618 2996 647 3048 in
692 2995 753 3048 latu.
770 2995 848 3066 Pigb.
870 2996 996 3048 consulatu
1016 3015 1075 3057 suo,
1096 2993 1143 3049 sed
1163 3014 1208 3048 sato

131 3077 223 3130 Africa
241 3077 388 3129 Domitium
407 3078 604 3148 proscriptum,
622 3088 648 3129 et
691 3076 838 3128 Turranius
847 3076 1004 3129 auctoritate
1013 3075 1089 3128 MSS.
1103 3093 1207 3146 expun-

131 3156 272 3217 Hiarbam,
284 3175 371 3227 regem
386 3155 533 3222 Numidia,
548 3157 648 3210 bollum
691 3156 738 3208 xit.
755 3187 796 3198 —
809 3156 862 3208 Fas
876 3167 946 3230 atque
961 3157 1038 3224 nefas.
1054 3153 1097 3208 Sic
1112 3171 1205 3208 ornneu

132 3251 228 3290 eontn
238 3236 336 3310 Syllam
347 3237 487 3289 molientes
498 3238 648 3309 oppressit,
691 3235 763 3289 libri.
785 3235 893 3288 Frustra
916 3255 980 3307 ergo
1003 3235 1158 3288 Perizonius
1178 3247 1206 3289 et

131 3329 158 3370 et
171 3317 255 3389 paulo
267 3329 327 3389 post
341 3315 447 3370 occidit.
691 3315 838 3368 Turranius
857 3317 950 3370 malint
968 3335 975 3370 :
984 3317 1029 3383 sas
1044 3335 1074 3367 uc
1087 3318 1146 3386 jus,
1162 3315 1205 3368 val

174 3418 200 3450 a.
220 3397 331 3450 Brutum.
344 3398 455 3462 Brutus,
470 3397 516 3467 qui
533 3395 647 3449 Galliam
685 3397 728 3465 jus
738 3415 767 3447 aa
773 3395 826 3462 sus.

132 3475 297 3548 Cisalpinam
308 3477 437 3542 obtinuit,
448 3495 532 3548 quum
543 3495 558 3528 a
570 3476 648 3528 Pom·
733 3481 760 3539 4.
783 3475 917 3544 Quiritatu.
938 3475 1147 3528 Lamentatioue.
1163 3505 1205 3517 -

130 3557 193 3626 peio
210 3555 377 3609 obsideretur
390 3558 521 3622 Mutinae,
536 3556 647 3609 salutem
692 3556 847 3625 Perpernam.
863 3556 942 3608 Auno
955 3555 1038 3607 Urbis
1052 3557 1119 3610 681.
1136 3552 1218 3607 Vid.'

130 3634 648 3708 suametmilituruPompeiifideieom·
692 3633 1204 3708 VelleietLir.XCY1.Perpemacum

131 3713 647 3787 miserat;quideindediruissus‚quum
691 3715 810 3768 Sertorio
827 3733 855 3768 ae
870 3717 1051 3787 conjunxerat.
1067 3716 1144 3767 Unus
1156 3733 1203 3766 au·

132 3794 167 3848 ad
174 3796 311 3850 castellum
320 3794 454 3867 quoddam
461 3798 535 3867 juxta
545 3794 647 3848 Padum
691 3807 745 3847 tem
757 3813 772 3848 a
785 3794 929 3867 conjuratis
941 3807 1032 3848 contra
1048 3795 1146 3847 borum
1161 3794 1205 3846 ri·

132 3894 160 3928 se
173 3876 344 3940 contulisset,
353 3877 427 3946 jussu
438 3876 559 3948 Pompeii
568 3895 582 3928 a
592 3876 647 3928 Ge·
692 3886 762 3940 tarn,
774 3875 923 3938 Antonius,
939 3873 1085 3928 Sertorium
1098 3875 1127 3926 in
1139 3892 1203 3928 oon·

132 3957 219 4009 minio
233 3955 387 4008 interfectus
402 3969 449 4008 est.
460 3955 511 4008 Hic
524 3956 576 4008 luit
591 3958 648 4026 ejus
691 3955 762 4008 virio
786 3953 874 4025 gladio
895 3955 1041 4020 transfixit3
1065 3973 1119 4025 quo
1134 3954 1204 4007 facto

133 4035 210 4088 Bruti
216 4047 305 4106 pater,
313 4035 360 4107 qui
368 4036 502 4089 interfluit
507 4037 646 4090 Casuram.
691 4034 940 4106 Perperna-facilius
953 4054 967 4088 a
981 4035 1111 4107 Pompeio
1124 4052 1202 4106 aupe-

175 4115 202 4169 3.
225 4117 368 4170 Carbonem.
384 4114 456 4168 Vide
475 4135 554 4188 supra
562 4117 598 4180 V,
616 4116 649 4184 3,
690 4127 764 4168 ratus
779 4127 805 4167 et
815 4127 922 4170 necatus
935 4127 982 4168 est.

137 4195 166 4257 5,
180 4208 206 4248 et
219 4197 288 4250 Plut.
304 4197 331 4250 in
339 4197 386 4249 rit.
395 4196 490 4268 Pomp.
498 4228 539 4240 --
551 4195 645 4250 consu-
734 4195 759 4249 ὅ.
775 4195 920 4268 Munuipuli
932 4196 1029 4248 tonui.
1043 4147 1202 4248 Nmsmm.
