3184 5132
260 537 369 607 car.
398 537 474 622 vr,
500 535 570 606 nn
596 535 819 603 nxrunu.
848 535 1037 602 msrm.
1113 533 1182 631 137

179 665 235 738 13.
252 668 420 757 Quocirca
438 681 527 738 recte
543 667 635 762 Lycii
646 666 668 754 ¹,
685 691 789 761 quum
801 667 839 736 iis
851 665 959 736 luctus
973 667 1101 754 incidit,
1117 692 1187 736 mu·

121 775 258 844 liebrem
277 787 402 844 vestem
419 773 581 842 induunt:
600 788 638 842 ut
657 773 865 842 deformitate.
880 769 987 842 cultus
1007 775 1183 857 commoti,

121 883 284 950 maturius
299 879 436 950 stultum
458 881 619 974 projicere
640 905 817 948 moerorem
837 878 947 947 velint.

182 991 238 1072 ld.
246 991 373 1056 Verum
384 987 463 1080 quid
473 1012 534 1082 ego
544 987 740 1055 fortissimos
750 986 815 1054 hoc
827 987 860 1054 in
873 1009 993 1080 genere
1001 985 1182 1079 prudentiae

120 1097 210 1162 viros
224 1091 377 1162 laudem?
396 1094 627 1188 Respiciantur
636 1088 817 1161 Indorum¹
831 1093 976 1178 feminae,
993 1117 1065 1186 quae
1079 1117 1182 1184 quum

121 1224 217 1268 more
229 1201 336 1294 patrio
355 1197 542 1292 complures
558 1197 665 1268 eidem
679 1211 791 1293 nuptae
805 1222 876 1268 esse
890 1197 1033 1284 soleant,
1051 1211 1183 1266 mortuo

122 1307 258 1393 marito,
286 1307 320 1374 in
343 1321 510 1374 certamen
532 1303 759 1400 judiciumque
779 1306 933 1392 veniunt,
958 1328 1057 1397 quam
1084 1305 1185 1374 exiis

122 1414 265 1480 maxime
287 1411 446 1482 dilexerit.
463 1412 592 1480 Victrix
606 1410 726 1506 gaudio
744 1409 925 1497 exsultans,
943 1409 1148 1503 deductaque
1166 1434 1186 1478 a

122 1520 314 1587 necessariis
341 1517 451 1588 laetum
479 1503 749 1611 praeferentibus³
784 1516 936 1604 vultum,
970 1517 1120 1610 conjugis
1152 1539 1186 1584 se

124 1624 267 1694 flammis
283 1625 518 1718 superjacit,et
531 1650 608 1696 oum
623 1648 663 1692 eo
678 1639 847 1718 tamquam
866 1622 1052 1692 felicissima
1066 1645 1188 1690 crema·

123 1745 205 1798 tur:
225 1745 386 1824 superntae
406 1755 482 1798 cum
506 1731 636 1799 tristitia
655 1744 690 1798 et
710 1753 851 1798 moerore
872 1731 906 1798 in
923 1730 991 1797 vita
1005 1742 1186 1798 remanent.

124 1836 288 1904 Protrahe
311 1838 345 1902 in
370 1836 517 1904 medium
539 1836 731 1904 cimbricam
753 1834 949 1917 audaciam,
973 1833 1077 1928 adjice
1097 1832 1187 1903 celti-

123 1943 273 2010 bericam
289 1940 408 2027 fidem,
427 1942 530 2036 junge
549 1943 730 2009 animosam
744 1941 893 2010 Thraciae
907 1941 1116 2034 sapientiam,
1130 1965 1188 2008 an·

124 2061 224 2116 necte
243 2049 422 2140 Lyciorum
447 2049 482 2116 in
504 2047 645 2116 luctibus
671 2046 860 2140 abjiciendis
882 2044 997 2116 callide
1019 2047 1189 2139 quaesitam

125 2154 314 2240 rationem;
334 2153 443 2222 indico
456 2167 568 2223 tamen
579 2178 661 2248 rogo
676 2153 757 2222 nihil
772 2177 887 2222 eorum
901 2151 1069 2246 praeferes,
1091 2176 1189 2246 quem

125 2245 263 2328 uxoris⁴
285 2261 388 2353 pietas
409 2260 443 2327 iu
463 2259 604 2331 modum
627 2258 762 2353 genialis
780 2261 843 2328 tori
863 2259 1056 2353 propinquae
1074 2260 1190 2326 mortis

125 2388 245 2434 secura
259 2365 459 2434 conscendit.

189 2466 245 2540 15.
269 2473 332 2540 Cui
352 2470 478 2566 gloriae,
496 2473 692 2566 punicorum
714 2471 924 2557 feminarum,
947 2484 985 2538 ut
1001 2495 1040 2537 cx
1061 2493 1191 2564 compa·

127 2579 256 2646 ratione
270 2579 398 2672 turpius
411 2592 585 2674 appareat,
598 2578 741 2648 dedecus
755 2579 957 2648 subnectam.
973 2562 1093 2660 Sicca?
1102 2577 1191 2645 enim

174 2785 199 2820 1.
212 2767 298 2840 lycii.
317 2769 412 2839 Lycia,
435 2768 547 2820 minoris
571 2768 640 2820 Asin
683 2767 794 2821 tutelare
808 2767 924 2820 hominis
934 2785 1049 2832 numen,
1062 2766 1191 2836 benignus

129 2847 286 2918 proviacia,
300 2847 480 2919 Pamphyliae,
495 2849 580 2901 Cariae
594 2847 640 2901 (ἷί-
682 2848 825 2920 voluptatis
840 2848 942 2912 fautor,
958 2846 1001 2900 cui
1017 2847 1192 2916 tranquillitas

128 2927 250 2998 litioeque
264 2927 385 2980 confinis.
400 2928 508 2981 Ceteris
523 2929 640 2980 claritate
683 2941 709 2980 et
731 2925 857 2998 gaudium
878 2945 948 2979 curro
969 2944 1023 2978 snae
1044 2925 1192 2990 commissi,

131 3007 298 3078 praestantior
311 3007 402 3060 civitas
417 3021 474 3060 erat
489 3008 598 3064 Patara,
612 3007 641 3058 in
684 3001 1194 3076 cordiluitdndeloquutioues:defrau-

131 3104 185 3158 qua
199 3086 250 3138 init
262 3087 391 3158 Apollinis
410 3089 556 3140 oraculum.
574 3085 642 3140 Inde
684 3085 748 3139 dare
760 3085 882 3156 genium,
892 3083 970 3156 genio
985 3081 1192 3155 indulgere,eto.

130 3165 221 3236 Lyciae
233 3179 323 3219 wrtes.
727 3167 752 3218 5.
776 3165 861 3218 Siccoe.
882 3165 922 3217 Eo
944 3163 1054 3236 quidam
1075 3163 1195 3216 referunt

175 3264 201 3298 2.
222 3245 344 3298 Indorum.
358 3245 421 3298 vid.
432 3245 538 3300 Solinus
551 3244 586 3300 de
599 3246 644 3299 In·
685 3245 788 3300 Sucootl
793 3245 899 3306 Benotl,
910 3245 1078 3314 Assyriorum
1086 3255 1113 3294 et
1119 3242 1195 3294 Phoe·

130 3324 178 3378 dia
192 3341 198 3375 :
214 3321 248 3374 de
260 3324 407 3380 Thracibus
420 3339 508 3379 autern
521 3327 573 3380 hoc
583 3344 644 3380 nar·
684 3325 776 3378 nicom
784 3323 874 3389 deam,
886 3343 900 3376 a
912 3341 963 3396 qua
973 3342 1070 3376 nornen
1086 3322 1194 3374 traxisoe

131 3415 176 3458 rat
189 3401 289 3456 Herod.
303 3403 338 3456 V.
687 3403 785 3458 dicitur
800 3404 902 3456 colonia
916 3399 1106 3456 africanavid.
1116 3401 1195 3453 Atha·

178 3483 204 3536 3.
222 3481 413 3549 Proeserentibus.
423 3483 476 3536 alii
487 3501 494 3535 :
505 3487 644 3555 proferens.
686 3503 740 3536 naa.
752 3484 826 3537 Orat.
841 3482 941 3536 advers.
952 3496 1037 3554 gent.;
1053 3481 1192 3534 sozomen.

131 3563 216 3617 Male.
232 3561 302 3614 Nam
322 3561 356 3615 de
377 3564 431 3635 ipsa
448 3567 502 3634 jum
520 3563 644 3618 dixerat:
686 3563 828 3618 Histeccl.
842 3565 869 3630 1,
884 3563 899 3616 5
912 3563 1028 3630 etV,9;
1042 3560 1193 3625 Plr'n.V,2‚

131 3641 228 3714 gaudio
236 3643 365 3694 exultans.
689 3643 720 3708 33
735 3643 805 3695 Mela
819 3644 849 3708 I,
866 3643 881 3696 ⁵
895 3654 922 3695 et
933 3641 1030 3712 reliqui
1042 3640 1194 3713 geographi.

175 3728 202 3785 4.
223 3721 320 3774 Iloorr‘s.
332 3721 457 3793 Quinque
469 3719 544 3776 MSS.
560 3735 587 3776 et
599 3721 644 3777 ed.
686 3719 1196 3776 Mumnoeisrestccensaoriundaeeranr

134 3804 208 3872 Meg.
222 3801 321 3854 habent
334 3804 432 3868 morio,
447 3801 520 3874 quod
530 3803 644 3856 Torren.
687 3803 783 3855 abillis
795 3801 917 3874 Cypriis,
929 3819 993 3872 quas
1003 3801 1136 3868 Iustinae,
1146 3801 1194 3854 lib.

134 3881 241 3954 probat.
261 3913 303 3924 --
324 3881 435 3936 Genialis
450 3887 505 3935 tori.
528 3881 646 3936 Genialir
687 3883 796 3947 XVIII,
811 3882 908 3946 resen,
926 3881 959 3933 ab
973 3880 1056 3933 Elissa
1068 3893 1155 3952 raptas
1170 3893 1196 3933 et

135 3975 270 4014 tornacen
284 3961 367 4015 lectus
379 3973 434 4027 eat,
450 3962 497 4033 qui
509 3979 584 4014 novae
597 3981 646 4016 nu·
688 3963 716 4015 in
726 3963 841 4015 Africam
857 3961 1000 4014 uanslatas.
1016 3959 1064 4013 He
1076 3979 1195 4026 morena,

135 4053 188 4113 ptae
194 4042 223 4094 in
229 4041 293 4112 ipsis
300 4042 399 4113 nuptiis
406 4041 545 4113 magnifice
551 4053 647 4096 stratus
687 4061 768 4115 quem
779 4043 808 4094 in
821 4041 906 4113 patria
920 4038 1082 4107 didicerant,
1097 4039 1131 4093 ad
1146 4060 1195 4112 po·

135 4133 188 4181 est,
211 4119 247 4173 ita
267 4119 366 4188 dictus,
395 4120 469 4193 quod
490 4139 562 4176 sacer
580 4134 647 4176 esset
688 4135 771 4176 steros
783 4121 879 4193 inipso
888 4121 976 4175 Africa
984 4123 1194 4175 nansmiserunt.

138 4199 227 4255 Genio.
239 4200 291 4255 Ilio
300 4202 351 4255 fuit
361 4221 393 4256 ex
400 4213 490 4256 mente
497 4204 646 4275 priscorum
688 4201 806 4256 Similem
817 4221 919 4256 rnorem
934 4200 1029 4257 Strabo
1043 4202 1088 4271 11,
1103 4203 1196 4254 Arme-
