3196 5122
408 475 483 550 256
589 473 812 544 VALERII
846 472 1055 542 MAXIM!
1087 473 1184 542 LIB.
1215 475 1294 544 111.

403 608 611 681 truculentus
631 619 820 690 accusator,
848 606 968 700 privati
992 603 1131 674 aflectus
1157 605 1345 674 conditione
1369 611 1468 678 mise-

406 714 517 786 rabilis
533 737 624 798 reus,
642 737 781 806 puerum
796 710 838 778 ed
856 710 1121 798 se‘exornndum,
1136 735 1202 804 quo
1217 712 1349 804 parcius
1365 717 1469 806 petris

407 819 599 892 criminibus
619 819 797 903 insisteret,
821 818 1002 885 venientem
1028 839 1134 910 neque
1158 815 1332 911 repellere,
1361 842 1469 913 neque

408 925 589 1022 supplicem
617 925 755 1018 genibus
779 925 845 992 suis
864 920 1056 990 advolutum
1081 922 1200 990 intueri
1218 923 1388 1010 sustinuit,
1409 925 1469 993 sed

407 1047 525 1128 operto
546 1031 653 1125 capite
672 1029 754 1098 flens
777 1043 810 1098 et
829 1053 980 1123 gemens,
998 1051 1113 1122 preces
1137 1051 1331 1122 expromere
1353 1053 1469 1123 pessus

409 1153 476 1226 est;
486 1135 651 1229 nihiloque
667 1137 774 1203 minus
792 1137 919 1204 sincera
935 1133 999 1202 fide
1013 1147 1202 1203 accusatum
1218 1135 1468 1204 Demostmtum

408 1243 585 1314 damnavit.
608 1241 809 1326 Victoriam,
829 1242 939 1309 nescio
960 1238 1071 1326 leude,
1090 1264 1133 1306 nn
1155 1253 1321 1310 tormento
1344 1242 1469 1334 majore

409 1344 572 1446 partnm¹l
600 1347 756 1441 quoniam
783 1347 890 1440 prius,
915 1367 1014 1440 quam
1041 1359 1169 1414 sontem
1194 1346 1415 1440 opprimeret,
1435 1372 1469 1416 se
1583 1407 1584 1416 ,

409 1458 516 1552 ipsum
538 1454 616 1522 vicit
636 1449 814 1546 Ephialtes.

464 1575 496 1650 5.
515 1579 625 1666 Quem
644 1597 859 1667 syracusanus
880 1572 988 1642 Dion'
1007 1573 1195 1643 diversitate
1220 1573 1362 1669 exempli
1381 1599 1468 1669 prte-

409 1697 552 1782 gravet:
574 1683 645 1776 qui,
662 1679 856 1808 quibusdam
876 1679 1101 1765 monentibus,
1119 1695 1156 1748 ut
1178 1680 1336 1749 adversus
1360 1683 1468 1749 llere-

411 1790 530 1862 elidem
548 1803 582 1856 et
603 1769 806 1880 Callippum³
810 1838 819 1872 ,
837 1809 978 1880 quorum
1000 1785 1077 1854 fidei
1095 1783 1274 1880 plurimum
1293 1786 1467 1874 credebat,

299 1965 304 1984 ,
411 1911 579 1991 tamquam
594 1891 764 1962 insidiosei
777 1905 961 1975 nectentes,
977 1892 1105 1960 cautior
1120 1906 1204 1960 esset
1211 1891 1468 1986 ,respondit,se
1583 1891 1584 1894 ’

408 2009 485 2073 cita
498 2001 602 2071 malle
614 1997 792 2084 excedere,
805 2021 909 2092 quam
920 2012 1010 2068 metu
1026 1999 1187 2068 violente
1204 2002 1322 2066 mortu
1339 2003 1466 2068 murcos
1583 2085 1584 2092 ἵ

410 2113 627 2201 muniensque
634 2104 745 2197 jueta
754 2127 894 2199 ponere.

410 2327 472 2362 eum
488 2304 626 2360 ceciderat.
639 2336 680 2347 -
694 2303 841 2356 Miser-odilis
855 2325 916 2357 reus.
958 2304 1104 2377 jurationes
1110 2301 1279 2376 deprebensae
1286 2305 1399 2360 fuerant
1402 2307 1466 2361 Nem

412 2389 472 2458 lpse
485 2385 634 2457 Ephialtea,
648 2383 826 2474 quiaccmare
841 2381 920 2436 debe·
960 2383 1131 2455 Syracusani,
1152 2384 1307 2456 eDionyrii
1328 2385 1467 2456 tyrannide

412 2466 471 2530 hat,
479 2463 525 2516 sed
536 2463 623 2534 potina
634 2463 749 2515 accusari
758 2474 783 2513 et
792 2479 852 2514 reue
863 2481 918 2515 esre
960 2464 1077 2529 libenti,
1091 2463 1185 2516 Dionia
1198 2476 1227 2516 nt
1238 2483 1344 2535 gravem
1356 2478 1383 2519 et
1393 2467 1467 2518 mini·
1583 2491 1584 2546 j

414 2541 562 2598 videbatur.
961 2559 1004 2594 me
1016 2542 1172 2613 popularem
1182 2544 1368 2596 aversabantur
1381 2557 1466 2598 enmo-
1583 2573 1584 2590 ι

457 2640 482 2674 1.
499 2623 608 2673 Partem.
621 2617 707 2672 Codd.
722 2619 822 2690 aliquot
837 2638 918 2672 conx-
961 2620 1466 2693 ritetemzohlicentiamqueetlerociem
1583 2651 1584 2678 r

413 2713 512 2774 quum,
530 2699 602 2772 qnod
616 2699 726 2770 gloemrn
737 2699 812 2770 rapit.
962 2717 993 2764 ex
1003 2699 1114 2752 victoria
1127 2714 1284 2772 aarumptam
1297 2703 1430 2756 malebant
1441 2723 1467 2756 se

456 2801 481 2834 a.
499 2781 572 2834 Dion.
585 2777 648 2831 vid.
668 2777 800 2832 Plutarch.
818 2777 845 2828 in
865 2777 919 2833 rita
962 2779 1178 2832 concionatorum
1188 2780 1467 2854 ooliobsequiiaqm
1583 2779 1584 2844 ζ

414 2860 525 2922 Dionis,
540 2871 567 2912 et
586 2858 684 2928 Nepos.
706 2889 746 2902 -
767 2858 918 2910 Diversum.
963 2857 1043 2910 Dioni
1063 2859 1227 2912 committere
1239 2877 1311 2924 sese,
1328 2861 1374 2932 qui
1388 2863 1467 2914 instar

414 2939 520 3012 Lipsius
530 2937 687 3002 eit,librum
698 2949 812 2990 veterem
824 2935 920 2988 hebere
962 2935 1058 2990 medici
1073 2935 1209 3008 prudentie
1229 2939 1255 2992 in
1272 2939 1366 3009 frugali
1385 2943 1467 2993 victus

413 3024 549 3080 semiton,
560 3035 619 3089 quie
630 3015 816 3088 acripmra'ipai
825 3015 919 3086 placet.
963 3016 1065 3069 ratione
1077 3018 1223 3070 contineret
1232 3017 1374 3071 civitatem.
1385 3019 1420 3072 tn
1433 3031 1467 3072 te-

411 3099 476 3172 qnie
488 3095 638 3170 precedent
657 3097 806 3168 exemplum
821 3106 920 3147 ameto-
963 3113 1039 3160 meo,
1050 3113 1132 3166 qutun
1143 3098 1265 3166 pomerio
1276 3097 1360 3150 victos
1370 3099 1467 3152 consu·

414 3181 484 3231 riom
497 3178 530 3229 rit
544 3188 571 3228 et
581 3189 713 3238 tenerum,
721 3176 772 3228 hoc
783 3174 880 3228 aerium
893 3185 920 3226 et
962 3192 1056 3244 sosque
1079 3173 1240 3229 adversarios
1261 3175 1466 3232 animadvertere

413 3275 541 3312 severum.
559 3253 685 3307 Eemdem
695 3255 849 3326 scripturam
859 3271 919 3324 pro-
963 3251 1143 3318 Dion,dicere
1151 3255 1267 3319 solebat,
1275 3256 1466 3310 ceteroadoces

413 3338 458 3390 het
482 3334 651 3398 Torrenins,
671 3333 804 3386 diversitate
827 3343 919 3394 natum
962 3332 1107 3403 plurimum
1125 3352 1224 3405 ponere
1244 3332 1424 3389 meditationis
1439 3337 1465 3388 in

413 3435 469 3470 ene
488 3425 583 3487 putana
602 3431 634 3465 ex
653 3413 720 3464 Dion
736 3424 763 3464 et
780 3415 916 3474 ueritate,
962 3413 1041 3464 ermis
1056 3425 1082 3464 et
1097 3413 1188 3466 hello:
1205 3431 1232 3466 ae
1254 3413 1335 3483 longo
1350 3426 1465 3487 tempore

413 3505 546 3550 contracte
571 3492 677 3564 scripto.
700 3521 740 3534 -
766 3492 917 3560 Pagrum.
961 3491 990 3544 'm
1011 3490 1142 3544 academie
1166 3505 1373 3547 commentatum
1396 3512 1465 3558 esse,

410 3573 532 3646 Superat.
541 3571 605 3626 Vid.
617 3572 670 3636 111,
685 3590 719 3642 7,
732 3583 783 3623 eat.
798 3573 825 3623 6.
961 3570 1028 3624 irum
1040 3569 1219 3642 invidiamque
1234 3585 1260 3625 et
1275 3573 1465 3626 emulationem

454 3647 918 3723 3.Cattopm.si01²tutoohm;red
960 3651 1466 3724 omnemvincere.Sepientiaraommum

414 3731 503 3802 Nepos
516 3731 544 3782 in
562 3733 648 3786 Dione
664 3729 819 3786 cruenter·
831 3742 916 3784 vocnt.
956 3747 1015 3782 erae
1030 3729 1238 3798 documentum,
1253 3732 1276 3784 si
1289 3732 1413 3801 injuriam
1426 3731 1466 3783 in·

412 3843 453 3855 -
464 3810 596 3864 Nectenter.
609 3811 752 3864 Stmentee.
764 3841 805 3854 -
817 3809 850 3862 Se
863 3813 918 3862 nita
960 3809 1104 3863 ferentibus
1117 3811 1267 3882 placabilia,
1278 3823 1304 3863 et
1320 3812 1348 3862 in
1361 3828 1467 3882 peomn-

413 3931 459 3944 .....
466 3909 562 3962 ponere.
577 3891 638 3943 Post
649 3888 795 3944 llernolidn
804 3901 917 3942 mortem
960 3901 998 3942 tea
1007 3889 1041 3942 aia
1053 3890 1127 3943 lenis.
1139 3891 1169 3942 lo
1180 3907 1232 3961 qut
1244 3907 1399 3961 permanens
1410 3907 1468 3942 een·

412 3969 519 4022 demum
536 3971 587 4022 hoc
602 3968 703 4023 dictum
718 3971 799 4024 refert
813 3969 917 4022 Plutar·
960 3971 1055 4026 tentia,
1065 3968 1200 4022 abeodem
1210 3969 1333 4040 Callippo
1343 3969 1467 4034 ‚homine

410 4049 484 4100 chun
498 4049 590 4120 quue
601 4050 682 4120 megin
696 4047 866 4103 admirandus
877 4059 917 4101 ert
959 4050 1088 4102 effrenato
1100 4061 1127 4101 et
1138 4067 1213 4120 pene
1222 4046 1359 4112 demente,
1371 4067 1419 4119 per
1429 4048 1466 4101 in·

411 4127 495 4192 Dion,
505 4126 577 4199 quod
584 4131 638 4198 J'nm
647 4129 736 4183 multe
746 4131 774 4182 in
784 4147 845 4182 enm
854 4146 916 4182 con·
960 4126 1039 4184 sidio
1053 4125 1160 4184 tandem
1174 4127 1327 4184 interfectam
1339 4139 1388 4182 est.

799 4367 805 4410 l
