3168 5124
257 492 366 562 CAP.
394 489 468 576 VI,
494 489 564 556 DE
590 489 722 556 PIET.
749 489 889 558 ERGA
915 491 1048 559 PATR.
1105 488 1180 588 389

117 640 156 694 ut
176 626 299 720 pariter
319 620 416 691 illatis
439 620 559 707 hastis,
582 633 722 713 uterque
744 619 917 690 mortifero
942 619 1079 691 vulnere
1097 623 1182 693 ictus

116 732 274 800 exanimis
298 740 571 825 prosterneretur.
600 726 723 794 Merito
751 726 944 820 adjecerim,
974 727 1100 823 populo
1126 755 1181 800 ro·

116 862 215 907 muno
235 836 420 906 libertatem
438 857 532 903 suem
549 857 672 928 magno
688 834 814 902 stetisse
824 832 845 900 ¹.

170 970 202 1012 α.
214 944 329 1032 Quum
341 955 452 1011 autem
464 941 501 1008 in
511 939 619 1008 media
631 953 725 1034 parte
739 938 834 1027 lori²,
853 953 946 1009 vasto
956 963 996 1009 ac
1007 943 1181 1038 repentino

115 1050 208 1118 hiatu
230 1064 319 1120 terra
344 1047 544 1134 subsideret,
565 1069 825 1141 responsumque
846 1059 946 1134 esset,
965 1049 1012 1116 ea
1028 1073 1065 1118 ne
1085 1051 1180 1119 illum

114 1156 348 1226 tanmmmodo
362 1155 526 1250 compleri
529 1177 637 1249 posse
641 1204 653 1240 ,
676 1175 748 1247 qua
761 1155 915 1250 populus
930 1177 1093 1223 romanus
1104 1158 1182 1252 plu·

113 1267 233 1332 trinum
253 1264 401 1346 ualeret,
423 1260 560 1331 Curtius
578 1273 612 1328 et
638 1261 739 1328 animi
757 1274 791 1328 et
811 1261 940 1354 generis
957 1259 1179 1332 nobilissimus

113 1367 319 1456 adolescens,
333 1370 571 1460 'interpretetus
584 1364 701 1436 urbem
714 1379 863 1434 nostram
876 1367 1000 1435 virtute
1013 1368 1180 1462 armisque

111 1475 278 1570 praecipue
293 1472 469 1557 excellere,
483 1470 680 1540 militaribus
692 1471 874 1565 insignibus
888 1485 1040 1560 ornatus,
1056 1497 1178 1566 equum

112 1581 320 1668 conscendit,
338 1579 481 1672 eumque
500 1577 715 1646 vehementer
731 1576 872 1647 admotis
893 1577 1075 1647 calcaribus
1095 1603 1178 1672 prae-

111 1686 247 1780 cipitcm
275 1688 310 1754 in
332 1685 413 1754 illud
439 1682 642 1779 profundum
669 1683 753 1778 egit3
783 1709 882 1778 super
906 1709 1005 1777 quem
1029 1685 1177 1754 universi

89 1779 92 1799 ¹
111 1793 201 1861 cives
216 1792 469 1886 honorisgrstia
484 1791 635 1860 certatim
649 1789 760 1886 fruges
775 1775 993 1884 injecertmt³,
1008 1792 1179 1862 continuo-

110 1922 176 1990 que
201 1911 290 1966 terra
311 1899 485 1992 pristinum
510 1897 659 1966 habitum
681 1898 900 1990 recuperavit.
921 1899 1046 1992 Magna
1060 1913 1176 1992 postea

109 2002 233 2072 decora
247 2005 281 2072 in
298 2003 372 2073 foro
385 2027 523 2073 romano
540 2001 702 2072 fulserunt
717 2029 727 2090 3
745 2001 872 2072 nullum
886 2017 997 2072 tamen
1011 2003 1176 2098 hodieque

108 2110 234 2202 pietate
245 2111 352 2182 Curtii
363 2133 441 2206 erga
457 2110 598 2206 patriam
612 2107 733 2178 clarius
745 2096 958 2178 obversatur⁴
972 2108 1174 2204 exemplum:

108 2217 164 2282 cui
187 2217 409 2312 principatum
430 2215 542 2312 gloriae
568 2215 749 2304 obtinenti,
769 2213 939 2286 consimile
959 2215 1084 2284 sactum
1102 2215 1175 2285 sub

107 2336 250 2392 nectam.

165 2425 198 2498 3.
217 2431 367 2500 Genucio
381 2414 483 2525 Cipo⁵
494 2428 642 2524 praetori,
657 2425 814 2524 paludato
830 2441 961 2524 portam
979 2427 1173 2524 egredienti,

107 2623 184 2692 Mog.
196 2621 346 2676 acMediol.
356 2619 619 2688 desideretur,unois
661 2621 776 2691 patriam
796 2620 946 2692 exemplum
962 2619 1078 2688 est,sed
1092 2621 1172 2675 simul

107 2719 167 2755 eam
182 2701 345 2755 inclusimus.
363 2730 404 2744 -ι
421 2699 559 2766 Mortisem.
574 2697 619 2750 Pi·
660 2697 821 2764 dolendum,
841 2700 869 2752 iu
885 2710 989 2752 tentum
1005 2701 1171 2772 superstitio·

106 2781 185 2852 gbius
198 2781 227 2834 in
239 2780 340 2852 aliquot
353 2777 429 2832 Mss.
443 2779 544 2850 reperit
557 2797 619 2830 mors
659 2777 702 2830 nis
719 2779 853 2832 Romanos
868 2779 971 2850 prolabi
990 2779 1121 2850 potuisse,
1138 2793 1170 2834 ut

108 2859 191 2930 ts'fieo;
206 2861 297 2932 itaque
312 2871 339 2912 et
354 2857 525 2912 scribendum
537 2869 617 2929 puta·
658 2855 736 2910 inscii
758 2877 849 2911 rerum
868 2859 1047 2925 naturalium,
1069 2872 1168 2913 temere

105 2941 274 3006 visurum,
283 2940 346 3012 quia
355 2940 489 3008 mortifirus
497 2933 508 3001 (
517 2938 616 3004 martel,
659 2937 792 3009 optimum
800 2937 885 2990 civem
893 2936 1061 2992 devoverent.
1071 2971 1111 2981 -
1123 2941 1166 2991 Ea

106 3024 149 3093 qui
161 3039 231 3070 carue
251 3021 276 3070 lo
296 3015 376 3083 mort)
397 3037 450 3072 vox
471 3037 522 3072 usu
541 3036 615 3072 rece·
658 3036 684 3068 re
696 3017 771 3069 illum.
784 3015 870 3070 Codd'.
883 3017 984 3086 aliquot
995 3017 1039 3070 illa
1050 3037 1083 3070 re.
1092 3017 1166 3090 Kap-

105 3112 153 3171 pta
168 3109 225 3160 est,
240 3096 368 3166 mortificas
382 3109 471 3150 autem
487 3097 552 3150 alibi
570 3097 615 3149 rix
657 3095 718 3166 pius
730 3095 852 3164 conjicit,
865 3096 1003 3150 Valerium
1016 3097 1163 3168 scripsisse:

105 3177 257 3249 reperitur,
271 3176 354 3230 tutius
367 3176 476 3230 retineri
490 3188 615 3247 putemus
657 3195 684 3226 re
699 3175 743 3226 itta
758 3175 934 3239 tantummodo,
955 3187 1006 3230 etc.
1027 3177 1111 3239 Ilieon,
1127 3196 1163 3230 sc.

105 3258 192 3330 prius.
656 3254 773 3322 hiatum,
785 3255 908 3325 plurimrs
929 3253 1058 3310 editiones
1071 3273 1164 3328 agnos·

150 3355 176 3390 1.
197 3335 377 3390 Meritum
387 3336 486 3388 stetisse.
502 3331 535 3386 Id
551 3345 613 3388 est:
656 3345 729 3388 cunt.

76 3425 78 3428 '
103 3420 165 3488 jure
191 3414 322 3482 dixerim,
344 3432 440 3485 magno
465 3412 614 3467 libertatem
697 3413 723 3468 3.
738 3414 832 3484 Fruges
848 3417 985 3486 injecerunt.
1002 3417 1071 3482 Quia
1086 3415 1163 3472 tellu-

104 3494 268 3561 oonstitisse,
282 3495 343 3566 quin
357 3506 492 3548 auctorem
506 3493 613 3546 liberta·
655 3511 713 3546 rem
723 3493 867 3548 credebant
874 3513 929 3548 esse
937 3495 1162 3568 Cererem,quam

104 3575 139 3630 tis
155 3573 243 3628 amisit
256 3576 348 3628 Roma.
367 3575 420 3627 Alii
440 3572 532 3646 legunt
546 3573 612 3645 obje-
655 3571 774 3644 frugibus
786 3574 933 3646 placabant.

104 3659 191 3716 serim,
206 3653 338 3725 frequenti
351 3655 485 3707 varietate.
696 3659 722 3717 4.
739 3653 892 3706 Obversatur.
912 3651 988 3706 MSS.
1001 3653 1102 3726 aliquot
1117 3655 1160 3708 ob·

147 3755 173 3788 s.
184 3735 421 3802 Qum....ssri,etc.
436 3734 487 3786 An.
496 3733 531 3785 U.
543 3731 611 3802 391.
654 3745 777 3794 savam,
795 3733 931 3804 frequenti
945 3735 1160 3788 commutatione.

103 3813 163 3866 Liv.
178 3815 248 3880 VII,
263 3818 298 3878 63
312 3813 389 3867 Oros·
407 3813 464 3877 III,
480 3811 612 3884 53Augtt·
697 3811 722 3865 5.
740 3811 850 3866 Genucio
862 3812 932 3882 Cipo.
946 3815 997 3866 An.
1012 3814 1080 3866 Urb.
1095 3811 1160 3868 515.
1197 3809 1199 3818 ’

103 3893 165 3947 stin.
179 3891 213 3946 de
225 3895 256 3948 C.
272 3895 306 3948 D.
320 3895 360 3962 V,
376 3894 409 3947 18
420 3913 428 3960 ;
438 3892 539 3946 Minue.
552 3892 609 3944 Fel.
655 3889 734 3945 ovid.
750 3892 857 3946 Metam.
873 3893 935 3959 XV,
951 3891 1024 3960 56⁵5
1043 3892 1159 3960 Plinius,

104 3973 174 4041 VH,
186 3980 212 4037 4.
224 3973 299 4027 MSS.
311 3973 459 4045 complures
473 3975 498 4024 in
512 3971 612 4024 medion
655 3971 707 4036 xl,
725 3971 771 4041 37.
788 3971 886 4024 Forsan
899 3973 993 4026 tubera
1011 3973 1114 4026 bomini
1130 3973 1159 4026 in

100 4066 203 4122 partem.
213 4055 350 4108 -Hs‘atm
366 4053 430 4108 Sine
440 4050 522 4106 dubio
535 4063 612 4106 motu
655 4051 743 4104 fronte
762 4069 914 4118 sumerem,
934 4071 994 4124 ques
1008 4051 1159 4125 superstitio

106 4133 408 4208 terrc.Nobilequideru
416 4131 613 4205 bocpietatisin
656 4149 755 4186 coruus
769 4131 871 4188 babuit.
890 4131 1002 4186 Plurimi
1020 4133 1095 4188 MSS.
1115 4133 1161 4186 bs·

905 4227 974 4312 25³
