3190 5122
359 427 435 502 306
555 421 785 494 VALERII
816 419 1026 488 MAXIMI
1048 419 1149 486 ΜΒ.
1181 415 1247 486 IV.

359 559 590 632 cernebatura
608 579 767 646 corpore,
784 577 826 620 ne
843 552 948 620 trihus
970 549 1104 645 quidem
1119 565 1153 618 et
1166 551 1282 644 viginti
1303 545 1427 620 vulne·

359 669 471 746 ribus,
490 665 570 759 quin
598 659 804 730 verecundie
825 659 1082 752 obsequeretur,
1103 657 1279 725 absterreri
1300 659 1428 750 potuit;

361 771 521 867 siquidem
543 784 682 862 utraque
699 780 811 860 togam
834 789 933 834 manu
953 765 1100 851 demisit,
1125 777 1160 830 ut
1181 762 1332 832 inferior'
1351 787 1429 857 pars

361 880 510 973 corporis
527 891 615 946 tecta
629 873 848 944 collaberetur
862 874 919 949 :in
938 871 1028 939 hunc
1040 870 1176 939 modum
1191 895 1258 938 non
1274 869 1429 938 homiues

363 987 544 1079 exspirant,
564 981 621 1052 sed
641 980 686 1049 dii
706 977 908 1048 immortales
926 977 1018 1046 sedes
1040 1001 1114 1046 suas
1129 989 1293 1070 repetunt.

575 1196 869 1251 VERECUNDIA
896 1193 1216 1248 EXTERNORUM.

426 1395 453 1438 1.
475 1365 577 1456 Quod
592 1367 740 1459 sequitur
758 1365 900 1432 externis
915 1362 1106 1450 adnectam,
1120 1365 1198 1456 quia
1213 1378 1288 1432 ante
1300 1379 1430 1458 gestum

368 1491 433 1564 est,
461 1498 560 1568 quam
590 1472 754 1540 Hetruriae
780 1472 894 1569 civitas
921 1467 1094 1538 daretur²:
1125 1469 1307 1540 excellentis
1334 1473 1369 1538 in
1393 1495 1433 1538 ea

367 1584 501 1674 regione
518 1576 771 1674 pulchritudinis
788 1573 977 1644 adolescens
999 1577 1133 1644 nomine
1151 1577 1303 1671 Spurina,
1324 1601 1434 1670 quum

368 1691 452 1756 mira
471 1687 579 1779 specie
598 1681 818 1776 complurium
835 1682 1030 1750 feminarum
1052 1681 1227 1752 illustrium
1245 1683 1435 1752 sollicitaret

370 1793 499 1878 oculos,
522 1789 661 1882 ideoque
682 1791 760 1856 viris
781 1812 818 1856 ac
838 1789 1029 1880 parentibus
1052 1812 1165 1856 earum
1189 1814 1223 1858 se
1243 1803 1434 1882 suspectum

371 1895 442 1968 esse'
461 1899 611 1981 sentiret,
630 1895 697 1963 oris
712 1893 864 1962 decorem
878 1893 1067 1962 vulneribus
1083 1879 1260 1980 consudit³,
1272 1893 1433 1962 deformi-

372 2020 538 2096 tatemque
556 2002 737 2070 sanctitatis
752 2024 818 2067 suae
840 1998 957 2084 fidem,
976 2024 1076 2093 quam
1091 1999 1233 2069 formam
1246 2001 1434 2068 irritamen-

429 2260 461 2302 2.
490 2231 627 2300 Athenis
645 2215 798 2321 quidam⁴
821 2226 942 2296 ultimae
962 2229 1157 2314 senectutis,
1184 2254 1288 2321 quum
1306 2243 1437 2322 specta·

375 2355 446 2407 tum
467 2335 561 2404 ludos
582 2336 615 2402 in
635 2333 800 2402 theatrum
818 2336 974 2420 venisset,
994 2357 1134 2427 cumque
1156 2352 1294 2402 nemoe
1311 2334 1439 2402 civibus

377 2467 502 2512 sessum
523 2442 703 2533 reciperet,
721 2440 761 2506 ad
777 2439 1103 2510 Lacedaemoniorum
1122 2439 1247 2534 legatos
1266 2441 1353 2509 forte
1366 2466 1439 2534 per-

377 2549 487 2630 venit3
504 2548 559 2640 qui
576 2546 718 2614 hominis
733 2560 827 2614 aetate
843 2549 941 2632 moti,
957 2571 1056 2615 canos
1071 2547 1141 2638 ejus
1158 2561 1192 2614 et
1203 2570 1308 2616 annos
1328 2571 1441 2614 assur-

379 2653 478 2748 gendi
500 2652 611 2720 officio
632 2654 778 2718 venerati
801 2667 893 2740 sunt,
917 2652 1092 2746 sedemque
1113 2654 1142 2720 ei
1164 2654 1249 2719 inter
1270 2655 1360 2746 ipsos
1381 2653 1442 2720 ho·

380 2761 589 2829 noratissimo
601 2756 675 2830 loco
686 2757 848 2828 dederunt
861 2785 867 2826 :
879 2757 967 2853 quod
977 2759 1034 2826 uhi
1045 2757 1115 2826 steri
1125 2756 1267 2854 populus
1277 2759 1444 2853 adspexit,

382 2961 449 3014 Nam
469 2965 531 3011 inter
545 2977 613 3029 saepe
625 2976 675 3028 pro
693 2960 718 3008 in
735 2970 892 3028 usurpatum
935 2957 985 3010 sihi
996 2955 1181 3028 ademit‚,qua
1195 2957 1223 3010 iu
1237 2977 1267 3011 re
1280 2957 1358 3012 stulte
1370 2958 1445 3028 egit:

381 3038 892 3104 utlll,n,24;VI,n,9.-Dis·
935 3035 1445 3109 poterateuimfacilioriruodo‚qnam
1483 3041 1485 3050 ¹

382 3120 530 3171 cernebatur.
546 3119 701 3168 Discernere
718 3115 841 3168 hocloco
855 3127 894 3170 est
936 3115 1048 3168 dissecto
1062 3118 1134 3187 quasi
1148 3117 1234 3184 nodo,
1245 3117 1308 3170 vitia
1321 3130 1348 3170 et
1359 3118 1446 3170 illece-

383 3217 518 3270 eepmre,
534 3195 662 3248 dividere.
680 3193 759 3248 Unde
780 3195 893 3246 discerni·
936 3198 996 3248 bras
1013 3197 1105 3248 vitare.
1120 3197 1161 3250 Cf.
1176 3197 1332 3261 intravsst,
1348 3215 1381 3266 7,
1395 3210 1445 3249 ext.

385 3280 475 3338 culum,
496 3275 525 3328 id
540 3289 578 3328 est
591 3293 666 3338 acus,
686 3293 737 3345 qua
752 3275 895 3328 mulierum
939 3294 970 3345 73
987 3277 1149 3332 CurtVllL
1167 3277 1196 3338 3,
1211 3277 1260 3341 13;
1276 3277 1446 3340 Lucan.V11,

384 3358 473 3428 capilli
503 3367 562 3410 ante
590 3355 703 3407 hontem
732 3367 894 3424 separantur.
940 3355 1006 3424 575.
1021 3356 1142 3420 Quatuor
1157 3354 1234 3408 MSS.
1248 3355 1358 3423 confodit
1366 3357 1446 3417 rim·

386 3438 507 3502 Quatuor
519 3432 597 3487 codd.
613 3433 783 3486 secernebatur.
937 3447 998 3486 stra.
1069 3466 1070 3470 =

430 3534 454 3567 1.
467 3517 645 3584 Inferior-pars.
659 3514 701 3565 sic
717 3531 808 3565 omnes
821 3512 895 3564 MSS.
981 3520 1006 3576 4.
1016 3513 1119 3566 Athenis
1132 3515 1243 3584 quidam,
1256 3513 1381 3568 etc-Vide
1392 3515 1447 3566 Cic.

387 3606 413 3646 et
425 3592 485 3646 edd.
500 3595 576 3646 sotus
592 3593 650 3647 cod.
664 3593 830 3646 Cauchianus
843 3612 849 3645 ς
862 3597 898 3643 in·
940 3593 967 3645 in
983 3594 1095 3656 Catone,
1116 3611 1138 3646 c.
1159 3596 1207 3658 18;
1224 3595 1294 3647 Plut.
1310 3593 1447 3666 Apophth.

383 3677 470 3742 seriori
490 3685 567 3743 purte.
594 3673 671 3726 Conl.
692 3673 760 3726 Plin.
779 3675 830 3737 IV,
850 3690 897 3736 ιη
941 3673 979 3732 ll,
998 3690 1056 3742 pag.
1081 3673 1146 3725 235.
1165 3675 1239 3726 lnter
1253 3674 1379 3728 barbaros
1396 3673 1449 3724 lere

388 3752 679 3818 OvidllletamXIll,
694 3757 766 3822 4793
779 3752 895 3816 Fasclt,
941 3753 1038 3822 ubique
1057 3753 1182 3804 senectuti
1206 3771 1267 3804 suus
1287 3765 1326 3804 est
1347 3753 1449 3814 honos;

390 3835 461 3898 833;
475 3833 566 3902 Eurip.
579 3833 679 3884 Hecub.
693 3833 756 3886 568.
940 3833 1003 3884 item
1017 3829 1045 3882 id
1058 3831 1189 3884 cultarum
1204 3833 1323 3902 gentium
1336 3846 1384 3884 est.
1398 3830 1450 3883 Sed

432 3931 457 3964 ι.
480 3913 559 3976 (hum
571 3951 592 3964 ..
603 3953 608 3964 .
621 3914 726 3966 duretur.
748 3915 895 3981 Antequam
939 3909 1058 3964 simulac
1071 3908 1260 3980 depravantur,
1276 3913 1332 3964 hoc
1345 3929 1451 3982 quoque

389 3990 511 4043 Hetrusci
531 3993 599 4044 cives
615 3993 715 4044 romani
732 3992 833 4044 fierent.
941 4009 1033 4042 senum
1045 3989 1201 4044 verecundia
1212 4011 1272 4044 cunr
1285 3993 1387 4045 canteris
1397 3991 1450 4044 rir-

431 4068 898 4138 3.0ris...consndr'tPulchritudinem
942 4070 1042 4124 tutibus
1056 4071 1181 4140 paulatim
1192 4071 1331 4124 minuitur.
