3190 5122
295 479 589 564 CAP.1v,1)E
616 479 745 563 ΡΙΕΤ.
773 479 829 545 ΙΝ
856 479 1069 548 PARENT.
1135 479 1208 576 373
1257 484 1259 498 '

499 695 729 786 CAPUT
773 697 858 782 IV.

194 908 242 970 De
250 907 368 994 pretate
383 906 416 968 in
427 917 589 992 parentes,
605 905 693 992 cujus
706 903 851 992 exempla
867 903 1078 970 Ecetranorum
1092 889 1173 971 saint.

159 1097 178 1126 r.
195 1081 234 1126 cn.
248 1079 348 1126 Marcius
362 1079 506 1126 Coriolanus.
526 1101 557 1113 -
577 1092 599 1123 a.
611 1079 637 1123 P.
650 1077 728 1139 Scipio
745 1077 866 1124 Ala-icauna
880 1079 962 1138 major.
979 1103 1011 1114 -
1026 1077 1047 1124 3.
1065 1081 1091 1125 T.
1108 1081 1210 1127 Manlius

185 1160 323 1218 Torquatus.
337 1183 369 1194 ·-
386 1165 409 1213 4.
422 1159 456 1203 ll.
476 1157 583 1204 Aurelius
602 1159 677 1204 Cotta.
693 1183 725 1192 -
741 1157 762 1204 5.
779 1158 807 1203 C.
825 1157 949 1204 Flaminiar
963 1157 1069 1204 tribanus
1084 1159 1166 1220 plebia.
1178 1185 1210 1196 --

186 1263 217 1272 -
228 1237 251 1284 6.
262 1237 359 1284 Claudia
370 1237 437 1298 virgo
447 1237 553 1282 Verulis.
564 1261 596 1272 -
607 1251 629 1296 7.
640 1235 697 1282 Filia
709 1245 805 1282 matrem
819 1236 842 1282 in
853 1249 944 1284 carcere
955 1249 1053 1283 mmm
1064 1239 1175 1286 nutriens.

188 1403 235 1468 De
242 1406 360 1492 putate
375 1405 409 1465 in
418 1415 582 1490 parentes,
599 1401 687 1488 cch'us
704 1401 849 1488 exempla
867 1402 1082 1466 Externorum
1095 1419 1176 1480 sunt,

157 1577 177 1607 r.
192 1563 252 1607 Pero
269 1561 314 1606 filiu
329 1569 420 1622 patrem
439 1573 538 1604 mamma
557 1557 667 1603 unta-leun
681 1583 711 1592 -
722 1571 744 1602 a.
757 1557 840 1603 Cimon
855 1558 1001 1610 atheniensis,
1018 1585 1049 1594 -
1060 1561 1083 1606 3.
1099 1562 1153 1606 Duo
1164 1561 1210 1608 lra-

181 1647 227 1684 trea
241 1637 338 1698 hispani.
353 1662 384 1672 -
400 1643 423 1690 4.
440 1636 531 1682 Cleobis
543 1644 566 1682 et
581 1635 660 1688 Bitom
678 1635 845 1700 Amphinomus
862 1646 886 1681 et
903 1639 1004 1698 Anapus.
1022 1663 1054 1674 -
1071 1637 1093 1684 5.
1110 1640 1209 1697 Scythae.

185 1741 215 1752 -·-
231 1715 254 1762 6.
265 1715 335 1762 Croci
347 1714 407 1775 regis
418 1714 478 1760 lilim
489 1723 575 1760 mutus.
583 1738 614 1748 —
625 1727 647 1771 7.
660 1713 729 1758 l‘ulto
739 1713 857 1774 pinnensis
871 1713 971 1773 juvenis.

215 1890 266 1942 DE
286 1889 465 1943 PIETATE
488 1889 533 1941 IN
557 1887 783 1952 PARENTES,
805 1889 933 1942 CUJUS
956 1890 1151 1944 EXEMPLA

474 1985 740 2038 ROMANOllUM
765 1985 880 2038 SUNT.

208 2156 272 2225 Sed
293 2157 481 2226 omittamus
499 2158 661 2250 ingram,
682 2169 715 2224 et
736 2157 845 2250 potius
863 2155 904 2223 de
924 2155 995 2250 piis¹
1017 2155 1210 2250 loquamur;

152 2260 321 2355 aliquanto
347 2263 434 2331 eninr
461 2259 578 2331 satius²
596 2277 644 2330 est
671 2259 859 2346 favorabili,
883 2284 982 2356 quam
1007 2263 1135 2350 invisae,
1162 2267 1208 2332 rei

152 2391 271 2438 vacare
287 2395 295 2436 :
311 2369 419 2436 venite
437 2369 536 2462 igitur
557 2368 590 2434 in
610 2391 726 2436 manus
747 2380 893 2452 nostras,
916 2391 1072 2462 prospera
1085 2391 1208 2463 paren·

152 2486 225 2540 turn
239 2488 330 2561 vota,
351 2471 498 2542 felicibus
512 2473 661 2566 auspiciis
675 2487 862 2568 propagatae
881 2469 1009 2541 suboles
1024 2525 1035 2560 ,
1050 2498 1122 2568 quae
1136 2473 1207 2542 effi·

148 2579 241 2665 citis,
263 2594 299 2648 ut
319 2593 352 2647 et
371 2579 519 2672 genuisse
531 2579 642 2670 juvet,
659 2591 692 2646 et
709 2601 866 2671 generare
879 2575 986 2646 libeat.

211 2696 240 2750 1.
262 2669 485 2766 Coriolanus³‚
515 2683 648 2750 maximi
670 2685 721 2750 vir
738 2683 837 2750 animi
855 2693 888 2750 et
904 2680 1047 2750 altissimi
1067 2683 1206 2770 consilii,

150 2788 339 2883 optimeque
360 2787 401 2856 de
415 2785 583 2882 republica
598 2789 752 2873 meritus,
771 2787 977 2880 iniquissimae
991 2785 1208 2858 damnationis

150 2895 247 2962 ruina
270 2909 470 2988 prostratus,
490 2891 531 2960 ad
543 2889 682 2962 Volscos
701 2890 835 2960 infestos
856 2906 935 2960 tunc
953 2893 1109 2962 Romanis
1131 2917 1208 2962 con·
1321 2907 1323 2924 ¹

150 2999 237 3091 sugit
254 3024 261 3064 :
279 3023 400 3092 magno
417 2999 538 3092 ubique
555 3000 660 3092 pretio
674 2999 778 3066 virtus
796 2998 988 3080 aestimatur3
1007 2985 1208 3090 itaque⁴quc

99 3113 103 3121 '
150 3103 293 3175 latebras
306 3105 476 3196 quaesinrm
491 3117 645 3190 venerat,
662 3103 706 3170 ibi
719 3102 812 3170 brevi
831 3126 994 3170 summum
1009 3101 1146 3196 adeptus
1159 3117 1209 3172 est

151 3209 346 3302 imperium,
364 3209 552 3299 evenitque,
573 3223 610 3276 ut
631 3232 729 3301 quern
747 3233 809 3301 pro
827 3232 861 3276 se
876 3205 1050 3275 salutarem
1069 3209 1208 3302 impera·

153 3328 258 3382 torem
278 3314 366 3382 cives
384 3312 507 3380 habere
527 3311 716 3399 noluerant,
737 3335 830 3406 paene
848 3311 1039 3407 pestiferum
1053 3311 1210 3382 adversus

152 3443 188 3485 se
208 3417 326 3486 ducem
347 3417 588 3512 experirentur3
605 3416 792 3511 frequenter
809 3418 895 3486 enirn
918 3417 997 3487 susis
1015 3417 1209 3486 exercitibus

197 3635 222 3668 ι.
246 3617 286 3668 De
303 3619 360 3684 piis.
380 3615 462 3669 Sicuti
481 3617 579 3686 religio,
599 3635 658 3688 quer
701 3617 1208 3688 1,a‚t;et1V,3,a;Eueop.1,13.

151 3697 223 3759 neo,
244 3695 281 3748 sic
298 3698 387 3764 pietas,
409 3711 467 3766 quae
487 3696 658 3766 parentibus,
743 3703 770 3759 A.
786 3697 849 3766 Quo.
864 3695 917 3747 Alii
935 3697 984 3766 qui.
1004 3695 1159 3766 perperam,
1173 3696 1208 3746 oh

149 3774 253 3838 liberie,
275 3773 406 3844 cognatis,
421 3775 593 3845 propinquis,
608 3786 657 3826 etc.
703 3775 862 3844 subsequens
877 3774 917 3826 ibi.
939 3805 979 3816 -
1000 3773 1074 3827 Brevi
1087 3792 1209 3825 summum.

150 3857 203 3908 sint
215 3851 375 3924 praestanda,
392 3853 529 3923 complecti
544 3851 658 3906 videtur.
703 3853 824 3918 Quatuor
836 3851 911 3904 MSS.
929 3849 1153 3914 delementum
1164 3870 1210 3906 rex

192 3932 321 3985 a.Satius.
332 3930 419 3986 codd.
433 3933 533 4004 aliquot
545 3935 657 3984 sanctius.
703 3931 779 3986 MSS.
805 3931 903 3984 habent
928 3931 1100 3992 brevissimum,
1124 3931 1210 3984 ceteri

152 4011 241 4064 Minus
255 4014 331 4065 benc.
703 4011 767 4062 brevi
781 4029 907 4071 summum,
924 4007 999 4080 qriotl
1014 4024 1085 4064 recte
1097 4010 1211 4064 nstituit

195 4091 219 4142 3.
228 4089 376 4144 Coriolanus.
390 4093 496 4162 Deque
509 4088 659 4161 ridesnpra
703 4089 821 4160 Pighius.
886 4161 888 4166 ι

960 4180 1030 4278 24³
