3168 5124
395 441 469 538 47⁸
590 438 816 508 vannum
844 435 1047 504 maxrur
1076 435 1169 502 nm.
1197 436 1262 502 vi.

393 597 526 644 cursum
547 571 671 658 tenuit,
689 572 851 656 Orontes,
868 569 962 640 Darii
981 569 1067 662 regis
1084 567 1276 662 prefectus,
1296 569 1331 636 in
1349 569 1460 638 excel-

393 681 520 750 sissimo
536 675 725 748 Miealensis
746 677 867 746 montis
887 675 1009 746 vertice
1027 675 1118 744 cruci
1138 673 1290 744 affixitze
1308 699 1374 767 qua
1394 701 1461 769 pu·
1557 681 1558 754 l

393 801 460 854 tres
476 785 546 878 ejus
563 797 671 872 artus,
688 797 722 851 et
734 781 846 850 tabido
862 805 980 850 cruore
997 783 1165 850 manantia
1179 779 1347 867 membra,
1358 796 1461 875 atque
1557 775 1558 790 ¹

393 891 482 960 illam
500 889 615 960 laevam
626 888 648 976 ¹,
666 890 719 958 cui
737 890 912 982 Neptunus
929 885 1087 956 annulum
1103 889 1278 981 piscatoris
1295 911 1397 956 manu
1413 913 1463 955 re

393 1000 560 1082 abluerat,
574 997 638 1064 situ
657 993 855 1080 marcidam,
869 995 985 1064 samos
1002 1017 1114 1063 amara
1132 995 1292 1064 servitute
1304 991 1464 1087 aliquam-
1517 1009 1525 1024 ·

354 1099 358 1104 ’
393 1103 449 1172 diu
468 1126 595 1197 pressa,
617 1101 726 1172 liberis
742 1124 781 1170 ac
799 1099 880 1170 laetis
900 1097 1003 1172 oculis
1023 1099 1157 1193 aspexit.

447 1207 482 1280 6.
497 1204 692 1302 Dionysius²
707 1220 833 1293 autam,
851 1230 954 1299 quum
971 1205 1160 1274 hereditatis
1178 1206 1351 1274 nominee
1365 1219 1460 1299 patre
1557 1261 1558 1268 ,

392 1317 674 1410 Syracusanorum
690 1335 729 1382 ac
744 1335 837 1407 paene
851 1313 952 1381 totius
964 1310 1081 1382 Siciliae
1094 1311 1303 1404 tyrannidem
1319 1313 1459 1406 accepis

394 1435 459 1508 set,
478 1421 698 1488 maximarum
717 1441 819 1511 opum
840 1417 1010 1503 dominus,
1028 1418 1232 1486 exercituum
1250 1416 1337 1502 dux,
1350 1432 1460 1486 rector

393 1525 562 1612 classium,
577 1526 781 1618 equitatuum
800 1537 933 1616 potens,
946 1537 1083 1618 propter
1095 1524 1240 1616 inopiam
1253 1520 1368 1592 literas
1385 1547 1458 1618 pue

395 1631 484 1700 rulos
504 1629 658 1700 Corinthi
672 1629 803 1700 docuit:
817 1629 999 1722 eodemque
1015 1643 1180 1722 tempore,
1195 1643 1290 1698 tanta
1308 1631 1458 1700 mutatio

395 1763 437 1808 ne
454 1737 594 1830 majores
616 1749 713 1822 natu,
733 1759 776 1802 ne
795 1737 868 1827 quis
887 1735 984 1807 nimis
1005 1734 1145 1804 fortunae
1161 1734 1332 1822 crederet,
1352 1739 1454 1828 magi·

395 1857 462 1914 ster
480 1841 548 1915 ludi
568 1841 674 1912 sactus
691 1865 732 1910 ex
751 1854 909 1934 tyranno,
927 1841 1065 1910 monuit

450 1974 482 2044 7.
497 1949 653 2042 Sequitur
669 1947 759 2016 hunc
775 1947 908 2042 Syphax
923 1971 998 2033 rex,
1016 1945 1218 2017 consimilem
1236 1947 1381 2018 fortunae
1399 1951 1455 2016 ini·

393 2055 554 2149 quitatem
569 2037 758 2147 expertus³a
775 2077 871 2146 quem
887 2054 1031 2124 amicum
1046 2053 1123 2124 hino
1137 2055 1245 2122 Roma
1259 2079 1324 2148 per
1339 2055 1455 2148 Scipio

395 2185 489 2247 nem,
508 2158 596 2230 illinc
612 2158 781 2252 Carthago
801 2183 861 2252 per
882 2157 1120 2228 Hasdrubalem
1142 2158 1230 2230 ultro
1252 2161 1393 2254 petitum
1416 2159 1455 2228 ad

393 2280 530 2362 penates
543 2265 624 2336 deos
638 2265 708 2357 ejus
722 2279 866 2334 venerat.
889 2267 1054 2336 Caeterum
1067 2290 1107 2334 eo
1120 2263 1278 2337 claritatis
1292 2252 1453 2350 evactns⁶,
1557 2275 1558 2332 l

394 2459 518 2512 omnibus
532 2457 589 2510 aliis
608 2455 684 2508 libris
698 2468 725 2508 et
743 2457 861 2528 scriptis,
876 2469 903 2510 et
947 2457 1454 2528 antemporarucumgenitiroconstrna·

393 2536 487 2600 aditis,
503 2537 581 2588 unius
597 2535 695 2588 Cauch.
712 2534 780 2600 lide,
796 2535 902 2606 Pighius
947 2547 1006 2604 tur,
1017 2535 1045 2589 id
1059 2536 1148 2592 multis
1163 2537 1290 2610 exemplis
1301 2535 1390 2590 doceri
1402 2555 1453 2607 po·

393 2615 478 2670 edidit
492 2635 502 2668 .·
516 2615 559 2666 sed
572 2615 633 2666 branc
642 2614 814 2682 salicitana...
826 2627 903 2666 mnan
945 2628 1004 2670 teat.

392 2716 441 2748 ma
447 2697 535 2768 putarit.
549 2724 589 2738 --
605 2694 717 2750 Ornatas.
731 2691 834 2750 Fraude
842 2713 903 2751 eum
988 2697 1013 2750 3.
1035 2697 1164 2768 aspra.
1181 2697 1233 2754 An,
1252 2697 1283 2750 U.
1301 2697 1363 2764 547.
1383 2694 1442 2748 [ἐν.

394 2777 473 2850 cepit.
498 2772 539 2826 Ad
555 2771 640 2827 toedus
653 2773 819 2846 jungendum
834 2774 902 2826 invi·
947 2775 1081 2842 xxvm;
1097 2775 1191 2846 Polyb.
1206 2774 1395 2846 XI;Appiauus
1411 2771 1442 2824 in

393 2868 478 2918 tatus,
488 2857 676 2918 incautus,nec
686 2853 746 2906 filiae
753 2871 846 2906 somno
856 2851 902 2907 de·
946 2851 1041 2908 Punic.
1049 2853 1197 2926 Syphacem
1207 2855 1289 2926 Scipio
1295 2851 1442 2925 populiro-

395 2935 501 2987 territus
516 2933 578 2985 illuc
595 2933 682 2998 venit,
697 2945 724 2986 et
737 2945 842 3004 captus,
857 2933 903 3005 qui
946 2935 1017 2986 mani
1028 2935 1142 2987 amicum
1155 2936 1241 2987 facere
1252 2933 1367 3004 cupiens,
1377 2943 1449 2984 ante·

392 3014 492 3085 ubique
507 3011 654 3066 felicissima
667 3011 696 3066 in
708 3024 778 3066 tarra
789 3013 902 3078 vixerat,
945 3031 1025 3084 quaro
1044 3012 1209 3081 Hasdrubal,
1229 3011 1299 3070 idam
1315 3029 1366 3084 pro
1386 3011 1451 3064 car-

392 3093 420 3146 in
432 3111 493 3148 aera
501 3091 648 3146 mimum
655 3091 806 3163 exspiravit.
822 3093 903 3146 Caste-
946 3093 1152 3163 tbaginiauailms
1161 3106 1279 3156 tanum,
1289 3089 1406 3155 advenit,
1416 3109 1453 3143 ae

392 3191 452 3228 runa
472 3191 503 3224 ex
522 3169 660 3226 Herodoto
681 3169 825 3236 discimus,
845 3183 902 3224 tum
945 3171 1034 3226 eundo
1044 3185 1124 3226 vento
1136 3185 1245 3244 portum
1258 3171 1352 3226 tenum.
1362 3171 1452 3242 Scipio

390 3251 516 3324 temporis
529 3249 817 3304 crudelemstiarntum
827 3251 904 3306 Catu·
943 3249 1054 3324 quidm
1075 3271 1165 3323 qam
1186 3251 1338 3324 eloquenda
1358 3269 1405 3304 sna
1426 3251 1452 3304 in

390 3333 483 3403 bysem
493 3330 572 3384 fuisse
586 3347 685 3400 ragam
944 3333 1087 3386 amicitiant
1094 3333 1187 3403 populi
1195 3332 1297 3386 marani
1306 3331 1399 3394 tanin
1409 3327 1453 3384 aad

435 3409 898 3480 auumsutmsaummaaan·
945 3411 1024 3483 panlo
1048 3423 1107 3482 post
1131 3412 1239 3484 Syphax
1261 3410 1419 3466 sollicitatus
1441 3428 1453 3461 a

392 3491 450 3543 nuli
465 3501 607 3560 gestantur.
943 3491 1203 3562 Carthaginiensibus
1225 3510 1274 3562 per
1300 3491 1454 3563 nuptiarum

433 3589 459 3624 s.
479 3569 620 3639 Dionysias.
635 3565 900 3632 Vid.Jnatin.1X1;
945 3571 1106 3624 occasionem
1126 3571 1321 3626 formosissima
1337 3567 1455 3624 Hasdru-

393 3649 450 3704 Cic.
465 3649 544 3704 Tunc.
557 3649 615 3713 111;
624 3649 711 3700 Arum.
725 3647 809 3702 Marc.
825 3649 902 3714 XIV,
943 3649 1011 3704 talis
1022 3649 1096 3714 fllia,
1115 3648 1211 3706 deiecit
1225 3671 1240 3706 a
1253 3651 1389 3707 Romanis·
1402 3649 1455 3700 Ve-

396 3727 905 3798 113AElian.V1,1s;IX,6.—Eqai·
943 3729 1456 3801 rumPcaaoruuaarmaaeqnntua‚brc·
1557 3715 1558 3748 ³

394 3805 669 3877 assumptionum.
682 3807 806 3877 quintet
818 3805 901 3860 Aldus
944 3811 971 3862 ri
983 3811 1214 3880 tenporealaelio
1227 3824 1254 3864 et
1262 3810 1403 3864 Masinissa
1414 3826 1454 3862 oa·

391 3884 902 3958 «ausamssdvutsimitsurvatsriun
945 3887 1351 3962 ptnaadScipioneminoatanis
1361 3887 1454 3942 ductas

392 3971 539 4036 equitatuum
548 3965 831 4037 acripaiaaeaquoniam
842 3967 904 4038 plu-¹
944 3981 1002 4033 eat,
1019 3987 1099 4040 quam
1126 3969 1214 4041 Scipio
1234 3981 1328 4041 postea
1353 3969 1409 4040 agit
1428 3967 1454 4020 in

394 4063 435 4098 res
449 4063 526 4098 voces
537 4045 652 4118 pluralis
657 4045 761 4100 numeri
773 4047 904 4118 prussiae·
945 4048 1092 4120 triumpho.

394 4136 527 4196 rabam
535 4128 685 4186 mrcitauaa,
693 4126 812 4179 elusim.
821 4124 901 4190 Quod
987 4135 1013 4191 l.
1029 4129 1140 4182 Eme-r.
1153 4129 1203 4182 An.
1216 4129 1251 4182 U.
1270 4129 1335 4182 550.
1349 4128 1454 4189 tium,
