3168 5124
253 507 356 576 CAP.
385 507 458 593 VI,
483 507 550 575 DE
578 506 703 576 PIET.
731 505 869 575 ERGA
895 505 1026 576 PATR.
1109 503 1186 604 393

121 639 328 710 desideravit.
343 640 417 709 Viri
444 653 543 732 atque
565 639 712 726 feminae,
740 638 901 733 quidquid
923 641 996 708 auri
1018 641 1189 734 argentive

120 748 330 831 habuerunt,
358 747 437 815 item
461 747 556 840 pueri
575 746 714 840 insignia
736 744 977 838 ingenuitatis¹,
997 746 1041 816 ad
1056 759 1188 816 susten-

120 854 257 924 tandam
269 853 427 947 temporis
440 850 669 922 difficultatem
681 849 901 922 contulerunt.
914 854 962 922 Ac
975 877 1016 921 ne
1027 851 1189 923 beneficio

121 975 270 1048 senatus,
289 961 347 1054 qui
365 957 432 1030 his²
452 958 645 1028 muneribus
663 958 794 1028 functos
815 959 931 1028 tributi
950 983 1050 1030 onere
1071 957 1188 1028 libera·
1214 1047 1215 1051 Ἰ

119 1080 229 1154 verat,
242 1067 416 1160 quisquam
430 1067 480 1134 uti
490 1064 612 1153 voluit;
625 1063 682 1135 sed
693 1067 826 1159 insuper
839 1065 874 1134 id
885 1089 1000 1135 omnes
1011 1069 1188 1161 promptis·

122 1175 211 1242 simis
233 1174 349 1242 animis
370 1174 621 1267 praestiterunt:
643 1197 712 1242 non
739 1173 937 1266 ignorabant
960 1173 1065 1255 enim,
1083 1175 1188 1267 captis

121 1281 229 1366 Veiis,
251 1303 353 1372 quum
371 1279 577 1348 decimarum
595 1280 743 1364 nomine,
759 1303 841 1373 quas
859 1277 1017 1348 Camillus
1035 1293 1189 1366 voverat,

120 1409 239 1454 aurum
260 1383 405 1478 Apollini
426 1381 591 1478 Delphico
612 1387 698 1450 mitti
719 1400 907 1476 oporteret,
930 1409 1036 1479 neque
1059 1385 1190 1454 emendi

121 1491 193 1583 ejus
214 1488 353 1559 facultas
375 1502 474 1574 esset,
499 1502 666 1556 matronas
688 1505 881 1557 ornamenta
904 1493 1015 1557 suain
1037 1493 1189 1560 aerarium

122 1595 300 1665 retulisse:
324 1592 535 1686 similiterque
557 1593 744 1682 audierant,
768 1592 856 1663 mille
877 1593 990 1688 pondo
1008 1599 1098 1684 auri,
1118 1619 1191 1691 qum

122 1702 227 1772 Gallis
245 1726 307 1796 pro
328 1685 516 1769 obsidione³
539 1698 694 1795 Capitolii
712 1702 872 1794 promissa
889 1700 1115 1790 debebantur,
1136 1725 1190 1772 ea·

121 1833 199 1876 rum
217 1806 308 1876 cultu
326 1805 472 1900 expleta:
488 1809 598 1901 itaque
617 1822 650 1876 et
668 1809 803 1902 proprio
820 1809 969 1902 ingenio,
988 1824 1022 1878 et
1037 1807 1189 1904 exemplo

121 1914 297 1983 vetustatis
311 1911 487 2002 admoniti,
507 1912 597 1986 nulla
615 1914 676 1984 sibi
693 1915 727 1985 in
746 1940 783 1984 re
803 1913 1000 1986 cessandum
1022 1916 1188 1986 existima-

123 2033 253 2088 verunt.

171 2210 225 2262 DE
250 2209 438 2263 PIETATE
462 2210 774 2265 EXTERNORUM
798 2211 913 2266 ERGA
936 2209 1138 2268 PATRIAM.

184 2393 213 2439 1.
227 2369 337 2439 Sedet
350 2383 484 2438 externa
502 2370 647 2465 ejusdem
665 2372 825 2466 propositi
838 2361 1005 2468 exempla⁴
1017 2376 1187 2470 attingam.

123 2476 197 2546 Rex
207 2476 456 2547 Atheniensium
469 2477 616 2560 Codrus,
633 2503 735 2572 quum
746 2479 871 2573 ingenti
885 2480 1029 2550 hostium
1044 2484 1189 2552 exercitu

124 2583 225 2650 attica
247 2584 337 2677 regio
358 2569 554 2671 debilitata⁵3
576 2583 665 2652 ferro
683 2586 815 2680 ignique
829 2601 1028 2676 vastaretur,
1041 2589 1189 2658 diffiden-

124 2689 173 2757 tia
181 2688 318 2758 humani
333 2689 442 2760 auxilii
458 2689 826 2788 adApollinisDelphici
841 2693 1011 2763 oraculum
1026 2695 1189 2792 confugit,

124 2819 251 2890 perque
273 2795 398 2891 legatos
421 2797 603 2867 sciscitatus
622 2813 689 2886 est,
713 2823 865 2893 quonam
888 2800 990 2870 modo
1011 2802 1097 2870 illud
1116 2818 1189 2872 tam

120 2925 229 2995 grave
251 2903 374 2973 bellarm
395 2903 521 2973 diremi
528 2971 531 2976 ,
531 2919 653 3000 posset
671 2930 681 2972 .·
702 2905 871 3000 respondit
893 2905 990 2994 deus,
1010 2908 1188 2997 Itafinem

123 3008 272 3098 eisore,
302 3016 336 3077 si
357 3016 430 3105 quse
455 3011 571 3079 hostt'li
592 3034 697 3080 manu
720 3013 926 3082 occidisset:
944 3013 1033 3108 qnod
1057 3013 1188 3109 quidem

124 3136 195 3182 non
214 3111 320 3182 solum
338 3118 414 3184 totis
429 3117 677 3188 Atheniensium
696 3118 730 3186 in
748 3119 877 3206 castris,
898 3119 955 3190 sed
973 3105 1091 3190 etiam⁶
1109 3145 1188 3189 con-

126 3307 253 3372 benem,
268 3319 382 3378 utroque
397 3325 472 3378 eqno
488 3310 577 3362 animo
592 3329 635 3364 cs·
680 3323 734 3377 est,
746 3331 779 3365 ex
792 3313 954 3384 promisso,a
968 3315 1095 3368 Romanis
1108 3314 1185 3369 fecto.

126 3385 193 3438 ruit.
214 3387 388 3440 Centuriones
412 3401 517 3453 autem,
540 3391 636 3460 quibus
721 3398 747 3454 4.
757 3393 865 3447 See...
878 3399 1004 3462 mungens.
1015 3391 1077 3445 Vid.
1088 3394 1184 3448 lustin.

127 3465 215 3517 solnm
241 3464 401 3537 stipendium
428 3465 590 3534 debebatur,
610 3482 636 3522 et
678 3472 871 3538 11‚·6;Vellei.
886 3473 916 3540 1,
932 3491 965 3538 ²3
981 3473 1097 3543 Polyen.
1112 3475 1185 3542 1,8;

127 3543 180 3614 ipsi
196 3545 248 3597 hoc
267 3547 402 3617 requirere
421 3547 634 3618 supersederunt.
678 3552 800 3616 Oros.1,
818 3553 863 3604 18.

173 3640 196 3674 r.
212 3623 321 3693 insignia
342 3629 504 3695 ingenuitatis.
520 3627 635 3681 Praetex—
719 3631 746 3684 ⁵.
761 3631 849 3683 Attica
866 3634 934 3700 regio
946 3631 1080 3684 debilitata.
1094 3633 1186 3699 Quum

127 3715 183 3755 tam
196 3715 222 3755 et
236 3704 336 3756 bullam
350 3723 471 3771 auream,
487 3708 583 3777 quibus
598 3709 634 3762 si·
677 3710 818 3762 Dorienses
844 3728 904 3763 cum
927 3709 1132 3764 Atheniensibus
1152 3710 1188 3766 de

126 3781 316 3854 gnificabatru,
332 3791 376 3836 eos
391 3803 446 3838 esse
460 3787 595 3856 patricios.
677 3807 801 3860 agrorum
824 3787 922 3843 linibus
934 3791 1035 3844 bellum
1050 3804 1186 3863 gererent,

170 3881 195 3914 ι.
217 3863 273 3917 Hir.
293 3863 402 3934 Pighius
414 3866 451 3916 lu's
463 3867 550 3919 minus
566 3867 634 3920 hene
677 3881 914 3940 premerenturque
937 3871 1117 3924 Athenienses.
1139 3871 1188 3925 Pa·

126 3942 265 4006 omiserat,
280 3941 352 4014 quod
367 3945 395 3996 in
415 3945 539 4000 omuibus
556 3945 632 4001 MSS.
677 3948 1184 4013 terculnsssserit‚Lscedamoniostnm

127 4034 154 4074 et
169 4020 245 4075 editt.
259 4023 349 4076 haret.
676 4046 782 4099 quoquc
791 4028 870 4082 inisse
879 4029 1079 4084 Atheniensium
1087 4030 1183 4086 hostes.

168 4101 195 4154 ³.
215 4104 266 4155 Pro
287 4103 415 4158 obsidione.
433 4103 494 4158 Soil.
510 4123 561 4175 pro
580 4107 632 4159 sol·
717 4111 744 4162 6.
762 4107 1182 4164 Totis......etrem.1taTorrenins

126 4178 213 4234 rende
230 4181 376 4238 obsidione.
395 4209 433 4221 ·-·
449 4187 578 4240 Promissa.
597 4184 631 4240 Id
675 4187 831 4244 auctoritate
841 4189 896 4244 lere
908 4190 1029 4246 omnium
1038 4189 1184 4246 1458.εῶ-
