3168 5124
343 477 418 566 Alio
545 477 768 546 VALERII
797 475 1001 544 MAXIMI
1029 475 1126 542 LIB.
1156 475 1221 542 VI.

343 611 405 682 tia¹
418 609 611 698 noluerant,
623 609 762 696 obsessi,
772 606 899 705 legatos
911 607 953 676 ad
965 620 1116 676 senatum
1125 603 1284 674 auxilium
1294 603 1413 700 imple-¹

343 734 455 788 rantes
482 719 665 806 miserunt;
688 715 807 811 quibus
835 729 973 811 propter
993 727 1160 784 recentem
1183 710 1309 782 cladem
1330 736 1414 782 can-

344 849 481 895 nensem
500 824 650 894 succurri
666 848 735 892 non
752 824 883 917 potuit:
901 836 1057 892 caeterum
1072 821 1271 916 permissum
1287 833 1353 904 est,
1365 821 1415 888 uti

344 933 511 1019 facerent,
533 929 623 1025 quod
645 929 853 999 utilissimum
876 927 1093 998 incolumitati
1115 929 1264 1023 ipsorum
1284 925 1415 995 videre-

346 1054 415 1126 tur3
425 1037 565 1107 liberum
578 1063 659 1132 ergo
672 1050 743 1105 erat
756 1037 1078 1130 Carthaginiensium
1090 1035 1231 1130 gratiam
1244 1031 1416 1127 amplecti:

347 1144 393 1214 illi
416 1159 528 1213 tamen
553 1143 708 1229 feminis,
730 1143 886 1238 omnique
913 1157 1008 1212 aetate
1027 1139 1151 1211 imbelli
1172 1140 1256 1210 urbe
1278 1135 1419 1233 egesta¹,

346 1276 414 1345 quo
426 1251 549 1319 diutius
563 1252 682 1319 annati
696 1250 818 1318 famem
832 1249 1019 1337 traherent,
1034 1248 1294 1344 pertinacissime
1306 1247 1341 1314 in
1352 1270 1431 1314 mu.

347 1360 394 1426 ris
415 1359 652 1452 perstiterunt3
675 1358 918 1452 exspiravitque
938 1357 1030 1450 prius
1051 1379 1167 1424 eorum
1187 1345 1260 1423 tota
1282 1353 1421 1438 civitas,

348 1488 447 1558 quam
463 1462 529 1532 ulla
544 1488 584 1531 ex
598 1478 692 1558 parte
706 1488 852 1532 romanae
868 1463 1032 1533 societatis
1047 1475 1235 1556 respectum
1250 1459 1420 1554 deposuit:

350 1573 461 1664 itaque
476 1569 656 1638 Hannibali
674 1595 743 1664 non
757 1569 926 1639 Petelliam
937 1623 947 1655 ,
959 1568 1017 1639 sed
1029 1553 1123 1638 fidei³
1135 1565 1301 1662 petellinae
1315 1563 1423 1660 sepul·

349 1702 444 1745 crum
463 1701 581 1772 capere
601 1677 748 1770 contigit.

685 1897 923 1988 CAPUT
966 1899 1080 1988 Vll.

592 2107 647 2194 De
651 2104 734 2200 fide
754 2129 899 2175 urorum
919 2127 1004 2200 erga
1026 2109 1177 2174 maritos.

355 2290 376 2322 t.
390 2275 494 2322 tumui:
511 2279 537 2324 L.
550 2279 576 2322 F.
589 2279 684 2334 Tertia,
696 2281 721 2324 P.
740 2276 845 2326 Africani
861 2279 963 2338 majoris.
979 2304 1011 2314 -
1026 2293 1049 2325 α.
1061 2278 1155 2325 Thurin
1166 2279 1196 2335 Q.
1214 2277 1320 2324 Lucretii
1333 2275 1427 2338 Vespil-

698 2356 765 2402 lonis.
778 2383 809 2393 -
823 2359 844 2405 3.
858 2355 966 2419 Sulpicia
979 2355 1079 2404 Lentuli.

415 2531 443 2576 1.
472 2509 580 2604 Atque
599 2523 636 2578 ut
658 2513 808 2580 uxoriam
829 2536 962 2606 quoque
982 2512 1081 2580 fidem
1103 2511 1322 2606 attingamus,
1340 2511 1422 2578 Ter-

356 2615 401 2682 tia
419 2613 568 2703 AEmilia,
587 2615 733 2685 Africani
749 2619 869 2712 prioris
883 2607 998 2706 uxor⁴,
1014 2633 1121 2688 mater
1140 2615 1299 2688 Cornelia
1317 2617 1418 2684 Grac-

358 2721 518 2808 chorum,
532 2736 631 2792 tantae
647 2722 710 2792 fuit
727 2726 891 2796 comitatis
910 2741 943 2795 et
962 2725 1144 2822 patientiae,
1158 2739 1198 2794 ut
1214 2745 1306 2819 quum
1318 2721 1415 2790 sciret

358 2827 431 2896 viro
452 2853 512 2896 suo
533 2827 720 2900 ancillulam
745 2857 787 2902 ex
811 2833 877 2902 suis
898 2847 1026 2927 gratam
1048 2857 1134 2920 esse,
1155 2827 1419 2910 dissimulaverim

360 3035 406 3088 Sil.
414 3037 473 3090 Ital.
481 3037 548 3101 XII,
561 3038 626 3100 431.
635 3039 740 3102 Petilia,
748 3042 812 3094 urbs
823 3043 874 3094 Ca·
922 3041 973 3106 5,8
984 3061 992 3108 ;
1004 3039 1084 3094 Ovid.
1092 3040 1162 3094 Tris.
1172 3041 1190 3093 l.
1200 3041 1251 3102 IV,
1259 3059 1301 3110 ep-
1311 3040 1368 3104 3,v.
1380 3037 1428 3092 38.

361 3116 503 3180 labrite‚in
512 3136 565 3188 quo
577 3118 641 3170 olim
651 3119 808 3173 Philoctetes
817 3122 876 3173 Me·
961 3122 986 3174 3.
1011 3121 1085 3174 Fidei
1096 3133 1149 3192 pet.
1168 3120 1309 3190 sepulcrum.
1329 3118 1373 3171 Sic
1396 3136 1430 3170 ex

361 3195 456 3248 lihoeus
467 3197 810 3268 regnavit;vid.Virg.AEn.
820 3202 874 3266 111,
918 3199 996 3256 MSS.
1013 3200 1123 3274 Pighius
1138 3199 1240 3263 edidit,
1257 3217 1341 3271 quum
1353 3211 1432 3250 antu

366 3281 431 3337 lor.
444 3275 537 3328 Strabo
550 3290 654 3344 autem,
664 3279 744 3344 LVI,
754 3280 875 3334 Lucano·
918 3281 1050 3353 legeretur
1065 3280 1146 3351 fidum
1169 3279 1268 3332 Petilioe
1287 3277 1432 3350 sepulcrm.

364 3374 426 3408 rum
441 3357 610 3427 metropolim
623 3376 681 3410 earn
696 3371 780 3413 vocat.
919 3364 1041 3414 Attamen
1057 3360 1085 3412 in
1100 3359 1199 3415 Cauoh.
1214 3372 1241 3412 et
1251 3359 1373 3412 Atrebat.
1389 3377 1433 3410 rc·

409 3454 434 3488 r.
448 3436 475 3488 A
486 3449 568 3488 nostra
585 3441 699 3491 amicitia.
711 3439 835 3510 Aliquot,
849 3461 874 3493 n.
919 3441 1005 3514 perias
1016 3441 1157 3502 Petiliana,
1171 3437 1245 3510 quod
1256 3439 1333 3510 Pigh.
1347 3450 1434 3490 mutr-

366 3517 505 3570 amicitiam.
513 3515 564 3568 sed
570 3517 648 3570 Torr.
659 3531 734 3590 putat
743 3539 798 3571 non
806 3532 877 3572 recte
919 3522 959 3574 vit
972 3522 1000 3574 in
1013 3521 1148 3590 petelliuoe,
1167 3520 1230 3590 quia
1242 3536 1275 3570 ex
1289 3519 1435 3572 marmori·

368 3593 421 3648 dici
434 3615 510 3667 posse
526 3595 623 3666 deficere
643 3601 787 3662 amicitiam·
804 3598 877 3670 quod
919 3602 970 3654 hus
989 3600 1104 3672 antiquis
1124 3618 1183 3672 qua
1202 3597 1290 3652 adhuc
1312 3609 1436 3661 exstant,

368 3677 442 3728 nullo
456 3677 577 3746 exemplo
587 3678 728 3748 probatum
740 3677 816 3731 vidit.
920 3681 1019 3734 incolae
1033 3681 1176 3742 Petelinos,
1193 3679 1288 3731 urbem
1303 3678 1437 3730 Paetum

412 3775 437 3808 2.
453 3757 556 3826 Egesta.
571 3757 624 3808 Alii
637 3760 729 3827 ejecta5
741 3757 786 3810 sed
797 3771 877 3827 egesta
921 3762 1010 3814 vocari
1017 3773 1131 3824 constan
1139 3760 1194 3812 haec
1200 3777 1264 3812 vero
1271 3758 1364 3810 Petilia
1369 3777 1438 3828 quo-

370 3836 505 3888 invenitur
518 3837 545 3887 in
560 3835 701 3890 duodecim
717 3838 793 3892 MSS.
809 3840 878 3892 Tor·
921 3837 1236 3914 queappellahatur.Vid.
1249 3837 1346 3890 Silium
1358 3837 1437 3891 luli-

368 3915 451 3979 renii,
465 3916 510 3986 qni
522 3917 578 3988 ipse
590 3917 629 3970 nil
641 3917 798 3971 mutandum
806 3917 878 3990 judi·
921 3939 997 3986 cum,
1012 3921 1083 3988 XII,
1098 3926 1130 3983 Ar
1142 3960 1150 3986 ,
1161 3932 1188 3973 et
1198 3919 1274 3989 Virg.
1285 3917 1303 3970 l.
1317 3918 1336 3970 l.

368 3993 878 4072 cat.Egerereenimrecteusurpaturde
963 4007 989 4066 4.
1015 4001 1090 4053 Uxor.
1104 3998 1169 4054 Vid.
1186 3998 1255 4052 Gell.
1270 3997 1326 4062 VI,
1344 3999 1373 4050 8.
1397 4027 1438 4038 -

367 4073 417 4136 iis,
430 4092 488 4144 quae
500 4076 632 4147 superflua
646 4091 672 4132 et
685 4099 795 4132 onerosa
807 4092 877 4132 sunt.
924 4081 1043 4134 Cornelia
1057 4079 1229 4136 Gracchanum.
1241 4075 1359 4142 Quidam
1373 4075 1439 4128 Cor·

370 4151 432 4206 Vid.
451 4154 519 4208 Just.
535 4157 584 4224 IV,
603 4177 631 4222 1,
648 4162 681 4224 63
701 4159 776 4214 Curt.
793 4161 878 4226 vul,
921 4162 990 4215 nelioe
1000 4165 1082 4214 matris
1098 4159 1126 4214 C.
1139 4173 1162 4212 et
1175 4161 1213 4216 Ti.
1227 4157 1260 4212 G.
1275 4177 1306 4210 rx
1319 4157 1416 4228 glossa.
