3196 5122
324 506 429 576 CAP.
464 507 514 588 X,
549 505 617 574 DE
650 503 964 576 MAJESTATE.
1102 507 1176 604 173

114 641 178 710 viri
197 653 395 726 occaecatus,
417 637 546 730 abjecto
569 636 678 726 ferro,
701 639 859 709 atmnitus
879 637 1012 708 indere
1032 651 1176 710 tremens

115 748 207 842 fugit.
229 745 394 816 Cimbrica
418 746 573 812 nimirum
595 742 782 814 calamitas'
808 743 923 814 oeulos
941 745 1083 814 hominis
1101 771 1175 841 per·

115 854 267 939 strinxit,
282 851 482 944 devictaque
499 875 565 919 suae
579 853 685 944 gentis
703 851 853 920 interitus
871 852 1020 920 animum
1039 856 1174 922 commi-

117 961 207 1042 nuit,
226 961 326 1026 etiam
339 957 400 1026 diis
416 955 654 1026 immortalibus
668 955 840 1050 indignum
856 957 952 1044 ratis,
969 957 1011 1026 ab
1028 981 1094 1027 uno
1106 960 1176 1052 ejus

118 1065 259 1134 nationis
280 1061 420 1132 interfici
447 1064 609 1149 Marium,
629 1086 729 1156 quam
749 1077 852 1132 totam
873 1061 1067 1132 deleverat².
1089 1067 1176 1134 Min·

118 1187 288 1240 turnenses
311 1183 421 1238 autem
443 1169 611 1261 majestate
631 1166 717 1236 illins
737 1171 844 1262 cepti,
866 1193 1092 1264 compressum
1106 1172 1175 1264 jam

117 1293 149 1346 et
167 1279 382 1347 constrictum
401 1273 472 1344 dira
493 1274 552 1344 fati
571 1275 782 1360 necessitate,
804 1273 1004 1344 incolumem
1019 1279 1174 1370 praestite·

118 1399 203 1452 runt.
225 1385 296 1453 Nec
314 1381 448 1450 fuithis
468 1381 578 1449 timori
599 1381 778 1474 asperrima
797 1366 915 1449 Snllae³
935 1383 1090 1468 victoria,
1113 1375 1175 1472 [ne

119 1493 152 1558 in
174 1514 230 1558 eos
257 1489 541 1558 conservationem
568 1487 667 1554 Marii
685 1477 943 1576 ulcisceretur3]
969 1511 1071 1580 quum
1095 1513 1176 1582 prae·

119 1581 247 1665 sertim⁴
263 1597 332 1689 ipse
352 1594 478 1661 Marius
500 1615 559 1661 eos
582 1615 601 1659 a
623 1591 850 1662 conservando
868 1594 976 1662 Mario
994 1592 1178 1664 absterrere

119 1715 237 1797 posset.

174 1859 207 1930 7.
236 1835 283 1900 M.
301 1855 432 1924 quoque
453 1830 607 1898 Porcium
627 1815 809 1898 Catonem⁵
832 1829 1004 1898 admiratio
1027 1829 1121 1900 fortis
1145 1848 1178 1902 et

118 1943 256 2009 sincerae
276 1939 351 2005 vitre
373 1936 455 2004 adeo
482 1933 707 2003 admirabilem
729 1937 857 2002 senatui
883 1934 980 2022 lecit,
999 1949 1051 2022 ut,
1075 1963 1179 2030 quum

117 2047 224 2114 invito
261 2045 299 2111 C.
329 2043 459 2110 Caesare
478 2039 613 2110 consule
637 2039 794 2109 adversus
824 2039 1016 2136 publicanos
1039 2041 1178 2113 dicendo

165 2273 190 2307 1.
218 2250 338 2305 Cimbrica
362 2253 471 2302 nimirem
495 2251 629 2302 calamitas.
672 2268 707 2304 ne
719 2261 746 2303 et
760 2250 799 2302 Μ.
813 2249 915 2303 Manlio
934 2250 1042 2322 lugetis,
1055 2257 1179 2308 castrensi

119 2334 247 2389 Cimbros
261 2333 472 2401 Teutonesqnee
487 2329 630 2382 Germania
672 2327 780 2400 prada,
794 2347 878 2401 eaque
898 2331 998 2400 ingenti
1013 2333 1092 2402 potiti
1108 2347 1177 2387 sunt.

118 2413 204 2467 reteri
217 2412 245 2463 in
260 2410 374 2465 Galliam
387 2409 537 2474 transiisse,
552 2409 629 2461 boni·
672 2409 728 2462 Hos
740 2421 830 2480 postes
846 2407 909 2462 vicit
920 2411 952 2462 C.
966 2409 1067 2464 Marius
1081 2415 1179 2483 partim

119 2506 175 2546 tate
183 2491 238 2564 agri
247 2491 444 2560 illectos,putst
457 2489 552 2542 beatus
561 2487 630 2540 tthe·
672 2489 700 2540 in
726 2500 812 2541 tractu
841 2487 988 2542 cottiarum
1010 2491 1119 2562 Alpium
1145 2491 1179 2547 sd

122 2591 215 2626 nanus.
229 2571 298 2624 Nam
312 2569 372 2622 illos
386 2568 515 2620 avitarum
527 2565 629 2620 sedium
672 2571 760 2640 Aquas
773 2567 872 2620 Sextias
880 2605 888 2633 ,
897 2569 994 2638 partim
1006 2571 1033 2622 in
1049 2571 1137 2639 Italia,
1150 2575 1181 2626 in

123 2651 156 2705 ad
176 2650 364 2705 Germanicum
379 2665 451 2701 mare
471 2649 499 2701 in
517 2645 629 2700 Saxonis
672 2665 767 2718 campo
782 2645 976 2702 randino.Vid.
989 2649 1072 2705 Tacit.
1087 2651 1179 2708 Germ.

121 2737 174 2803 jam
196 2729 317 2784 tedebat.
342 2725 457 2780 Proinde
485 2728 556 2780 teoto
581 2745 630 2798 per
672 2746 730 2799 cap.
752 2728 798 2797 37,
812 2745 874 2779 enm
885 2725 1110 2802 editisaKappio
1128 2751 1178 2786 no-

124 2812 245 2864 Chsnoos
265 2821 292 2862 et
313 2807 412 2860 Frisios
436 2807 533 2860 itinere
559 2817 630 2858 tram
672 2807 707 2860 tis
720 2805 898 2878 Longoliunis.

123 2889 298 2954 Rhenum,in
311 2887 412 2940 ultimis
420 2886 566 2939 Galliarum
577 2886 631 2938 oris
715 2904 740 2939 s.
763 2887 844 2956 Quam
870 2897 944 2938 totam
965 2887 1090 2941 debeam.
1113 2890 1179 2956 Qun

124 2969 158 3023 sd
172 2967 414 3040 septemtrionalem
426 2984 555 3020 oeesnum
570 2983 632 3017 eon·
673 2965 800 3018 nimirum
816 2966 844 3017 in
857 2965 960 3017 Italiam
977 2966 1178 3022 transoeuderst.

126 3048 227 3103 sedere.
244 3047 298 3100 Ubi
314 3065 397 3118 vum
411 3044 512 3099 diutius
525 3063 631 3097 manere
715 3044 741 3096 3.
763 3044 847 3098 Sullae.
863 3045 953 3110 Quum
968 3063 1000 3096 ex
1018 3047 1078 3099 ssa
1096 3049 1181 3102 vietor

122 3149 178 3182 non
187 3139 307 3200 possent,
317 3127 352 3178 ob
361 3126 440 3178 muris
450 3124 545 3179 Gallici
554 3124 632 3176 iuun-
673 3121 800 3177 rediisset.
816 3154 856 3166 -
868 3123 908 3176 Ne
927 3128 952 3175 in
967 3145 1043 3179 eos...
1057 3126 1178 3180 ulciscere·

122 3207 276 3271 dationem,
297 3223 345 3276 per
369 3205 466 3258 Gallias
487 3201 632 3257 errabundi
676 3213 723 3255 tur.
739 3203 841 3256 Desunt
855 3203 1003 3257 baec‘rerba
1016 3206 1044 3258 in
1058 3206 1180 3278 plurimis

123 3287 156 3341 sd
173 3286 300 3340 Rhenum
314 3302 396 3354 usque
409 3302 520 3348 venere,
541 3283 632 3354 ibique
675 3281 749 3334 MSS.
775 3301 806 3336 ac
829 3301 879 3354 pro
901 3283 983 3353 glossa
1008 3287 1181 3358 expungenda

123 3365 202 3420 sedes
211 3363 291 3434 ligere
300 3363 501 3432 constituerunt.
510 3363 580 3414 Dum
589 3380 633 3414 au·
676 3373 764 3414 censet
778 3361 944 3426 Perizonius,
958 3366 1001 3417 cui
1019 3365 1131 3419 Torreu.
1154 3382 1180 3420 et

125 3461 180 3500 tem
198 3452 353 3513 vagarentur
368 3442 396 3494 in
409 3441 509 3506 Gallis,
521 3443 633 3512 conjun·
676 3440 795 3513 Kappins
810 3442 994 3497 assentiuntur.

124 3535 226 3580 xerunt
238 3541 265 3574 ae
278 3521 329 3573 illis
340 3521 462 3590 Tigurini
473 3520 632 3572 Ambrnnes·
717 3527 744 3584 4.
762 3519 842 3588 Quum
848 3527 988 3591 presertim.
997 3523 1091 3575 Vereri
1106 3538 1180 3596 pote-

125 3624 197 3678 que,
211 3603 310 3674 gallica
327 3601 459 3661 nationes,
475 3613 501 3652 et
517 3601 579 3669 ipsse
590 3617 633 3650 re·
675 3611 735 3652 rant
750 3599 963 3666 Minturnenses,
978 3619 1029 3665 ne,
1045 3605 1178 3674 quomodo

127 3683 252 3756 gionibus
269 3679 322 3733 suis
342 3679 438 3750 pulsas,
458 3697 539 3730 noras
560 3676 633 3731 sedes
675 3677 761 3730 Mario
783 3679 954 3732 metuendum
973 3693 1043 3745 erat,
1071 3701 1106 3736 ne
1126 3687 1179 3739 vita

127 3763 306 3836 queritantes.
319 3759 412 3828 Itaque
422 3758 561 3810 ferociores
572 3757 633 3810 lacti
676 3758 840 3828 privaretur,
859 3759 896 3811 ita
911 3771 937 3811 et
949 3760 999 3831 ipsi
1013 3759 1179 3818 afficerentur

127 3843 226 3896 virium
242 3839 427 3902 incrementis,
441 3855 523 3908 quum
537 3848 634 3888 terram
676 3837 819 3907 suppliciis.

129 3915 633 3988 sRomanistsmquamstipendiumda·
718 3917 743 3968 5.
758 3916 796 3970 M.
808 3935 898 3988 quoque
912 3917 981 3969 Porc.
995 3916 1116 3976 Catonem.
1128 3925 1177 3977 An.
1273 3958 1276 3967 ·

128 4001 153 4054 ri
167 4003 218 4054 sibi
231 3998 420 4072 postulassent,
435 4009 461 4050 et
476 3997 634 4068 repelleren·
677 3995 711 4047 U.
730 4002 795 4064 694.
816 3995 884 4048 Gell.
897 3997 957 4062 lv,
977 4015 1027 4062 ¹⁰3
1044 3999 1130 4055 Cesar
1145 4002 1179 4056 de

129 4093 284 4146 tur,onutra
292 4079 388 4148 legatos
397 4077 476 4130 armis
487 4077 634 4130 insurrexe-
677 4075 707 4128 B.
721 4075 752 4128 C.
769 4075 798 4140 Ι,
812 4077 856 4130 31.
870 4107 909 4117 -
923 4076 1075 4133 Publicanos.
1090 4083 1179 4148 Quum

128 4159 371 4230 runt,Syllsnoqne
377 4170 406 4212 et
416 4157 527 4211 Servilio
534 4155 636 4226 Caepio·
677 4155 812 4226 publicani
827 4167 946 4226 peterent
961 4159 1124 4228 vectigalium
1137 4182 1179 4214 re·
