3168 5124
200 533 305 603 CAP.
328 531 425 618 VII,
447 529 517 598 DE
544 529 684 598 PATR.
714 519 901 598 AMORE
927 527 986 598 IN
1011 529 1108 600 LIB.
1139 528 1212 628 397

145 667 255 736 omnis
272 666 375 736 atatis
397 663 550 732 homines
571 663 772 747 exstiterint3
792 661 1070 756 sanctissimisque
1091 677 1216 736 namtas

147 773 274 868 legibus
290 770 508 841 mirificorum
529 771 628 838 etiam
647 767 875 864 exemplorum
890 767 979 839 clara
995 769 1122 840 mundo
1140 771 1216 840 sub·

147 880 316 973 scripserit
336 877 470 947 ubertas
478 874 499 944 ¹.

342 1219 345 1226 .
453 1087 455 1092 “
490 1100 727 1194 CAPUT
765 1103 879 1191 vlt.

294 1324 343 1388 De
355 1337 487 1414 patrum
505 1343 613 1384 amore
634 1335 665 1384 et
680 1319 879 1407 indulgentia
895 1321 929 1384 in
946 1319 1065 1388 liberos.
1120 1303 1124 1314 ¹

224 1497 246 1529 1.
258 1482 288 1541 Q.
299 1481 366 1528 Fabii
377 1480 474 1529 Maximi
486 1475 596 1525 Rulliani.
607 1501 638 1514 ·-
654 1491 675 1523 a.
692 1477 782 1524 Caesetii
793 1477 864 1524 Flavi.
876 1503 905 1514 -
921 1478 944 1526 3.
960 1480 1051 1527 Octavii
1062 1481 1136 1529 Balbi.

192 1643 242 1706 De
259 1643 477 1705 Externorum
493 1659 603 1726 regum
620 1657 727 1701 amore
741 1651 774 1701 et
787 1635 986 1726 indulgentia
1002 1643 1035 1703 irs
1052 1639 1170 1706 liberos.

364 1811 386 1844 1.
403 1795 494 1844 Seleuci
504 1795 582 1855 Syria.
593 1822 624 1833 -
636 1809 659 1842 a.
670 1795 831 1842 Ariobarzanis
843 1796 1003 1859 Cappadocia.

209 1966 258 2020 DE
278 1965 428 2019 PATRUM
449 1965 577 2020 AMORE
596 1966 644 2018 ΕΤ
663 1963 916 2020 INDULGENTIA
935 1966 976 2019 IN
995 1966 1156 2023 LIBEROS.

203 2131 289 2203 Det²
305 2159 394 2204 nune
418 2131 492 2202 vela
512 2133 558 2230 pii
579 2147 612 2202 et
634 2131 753 2228 placidi
776 2132 915 2204 allectus
940 2148 1115 2228 parentum
1137 2119 1216 2234 erga

151 2239 273 2310 liberos
304 2239 532 2336 indulgentia3
555 2238 742 2334 salubrique
771 2263 854 2308 aura
881 2255 1061 2335 provecta,
1088 2258 1215 2337 gratam

151 2348 320 2416 suavitatis
343 2371 455 2416 secum
476 2347 588 2416 dotem
611 2345 730 2416 afferat
738 2330 760 2412 ³.

211 2505 239 2548 1.
270 2479 390 2549 Fabius
422 2477 596 2548 Rullianus
608 2465 632 2567 ⁴,
662 2479 807 2572 quinque
836 2475 1061 2548 consulatibus
1088 2505 1217 2551 summa

152 2611 229 2653 cum
251 2585 355 2680 gloria
376 2587 535 2680 peractis,
554 2585 776 2678 omnibusque
791 2598 824 2652 et
841 2586 971 2652 virtutis
987 2599 1020 2653 et
1036 2587 1112 2654 vitae
1129 2611 1217 2658 eme·

153 2693 222 2762 ritis
242 2691 432 2787 stipendiis,
446 2690 574 2787 legatus
594 2693 642 2762 ire
662 2691 764 2760 Fabio
785 2691 921 2786 Gurgiti
939 2689 1007 2760 filio
1029 2690 1071 2760 ad
1093 2691 1215 2764 bellum

196 2909 220 2943 r.
232 2890 309 2943 Clara
322 2890 409 2942 mrualo
417 2890 582 2961 subscripserit
593 2889 662 2941 uber·
699 2890 741 2964 ¹At
748 2887 866 2958 imperiti
874 2887 1050 2942 rubricatores
1057 2887 1218 2947 addiderunt

154 2981 200 3022 tas.
216 2968 284 3022 cod.
298 2967 373 3022 Leid.
384 2969 469 3040 prinu
484 2969 623 3040 subscripsit
632 2969 663 3020 li·
707 2967 823 3020 litteram
838 2987 864 3028 a,
881 2980 911 3018 ut
920 2980 958 3018 ret
972 2967 1055 3020 lieret.
1072 2968 1125 3020 Alii
1137 2989 1168 3022 er
1181 2985 1219 3024 set

154 3049 242 3101 bertas.
258 3047 337 3100 Haud
356 3047 436 3102 dubie
455 3049 594 3120 subscripsit
612 3066 663 3118 pro
708 3048 829 3100 lecerunt
838 3046 894 3105 sed,
908 3043 989 3116 idque
998 3046 1028 3098 in
1039 3047 1129 3101 multis
1141 3049 1217 3105 MSS.

154 3127 319 3197 subscrpserit
329 3139 418 3180 ortum
431 3141 470 3181 est
482 3148 514 3182 ex
526 3128 664 3181 abbrevia·
708 3123 850 3197 reperitur¹
867 3126 914 3177 Ast
926 3125 1036 3178 omnino
1048 3127 1218 3183 scribendum
1323 3151 1330 3174 ι

155 3219 230 3271 tura;
252 3206 347 3258 ubertas
375 3207 498 3260 facillime
525 3209 613 3278 potnit
636 3208 665 3259 iu
708 3205 768 3263 dee,
783 3215 814 3256 ut
826 3204 893 3258 bene
909 3223 923 3256 a
937 3203 1032 3276 Pigbio
1043 3205 1153 3278 aliisque
1165 3209 1220 3263 edi.

155 3287 254 3338 libertas
263 3287 383 3338 transire.
394 3286 549 3340 Perizonius
557 3287 666 3356 conjicit
709 3294 825 3338 tumeat.
1077 3351 1079 3358 Ι

156 3361 268 3427 carafid
277 3362 664 3435 estgrata‚pretiosa)abertas.
751 3365 776 3416 3.
798 3361 1036 3435 Salobriqur‚........
1054 3365 1153 3432 afferat.
1169 3368 1219 3422 Ni.

155 3446 255 3498 Praeter
273 3445 473 3508 necessitatem
493 3462 555 3496 uam
572 3444 667 3496 ubertas
709 3442 793 3498 mium
808 3443 852 3494 bic
868 3443 973 3512 poetico
996 3443 1129 3498 cothurno
1142 3447 1221 3501 Vale-

156 3525 316 3594 exemplorum
332 3523 421 3574 munda
434 3523 502 3573 clam
522 3535 562 3576 est
576 3523 667 3578 multi·
709 3523 766 3576 rius
779 3520 915 3593 procedit,
928 3541 1049 3576 necoura
1063 3525 1145 3578 etdos
1157 3539 1219 3599 apte

156 3601 223 3656 tudo
250 3603 431 3674 exemplorum
454 3603 564 3656 cuilibet
584 3613 666 3665 note,
710 3601 881 3655 conveniunt.
897 3602 992 3656 Voluit
1012 3602 1042 3654 in
1059 3602 1108 3658 bae
1124 3608 1219 3676 profi.

155 3681 667 3754 immonotissirna.Pigbiusproubertas
710 3681 784 3734 tione
806 3680 875 3732 nibil
899 3679 972 3734 aliud
992 3679 1095 3750 dicere,
1115 3703 1219 3755 quam

155 3759 341 3816 deditoeritos.
351 3762 467 3814 Frustra.
715 3763 822 3813 Transeo
835 3779 898 3812 nunc
912 3761 948 3812 od
959 3765 1098 3814 suavissimo
1113 3766 1221 3836 exempla
1300 3829 1302 3833 ,

199 3861 225 3895 a.
246 3843 306 3895 Det.
323 3839 410 3895 codd.
434 3841 534 3912 aliquot
549 3839 599 3894 Set.
617 3841 668 3892 vi·
712 3841 870 3910 indulgentiae
877 3851 974 3910 patrum
990 3846 1014 3894 s'n
1026 3841 1119 3896 labem.

157 3921 233 3976 tiose.
255 3921 371 3976 Librarii
396 3921 511 3976 litteram
540 3920 668 3972 initialem
755 3925 781 3982 4.
795 3917 1093 3975 Fotinianorum.
1105 3921 1141 3976 U.
1153 3925 1221 3986 462.

156 4003 230 4056 vocis
238 4003 330 4074 prima
339 4001 462 4054 omittere
473 4001 670 4070 solebaut‚quar
713 3997 792 4052 Oros.
814 3999 869 4062 111,
892 4019 937 4052 aa.
952 4032 992 4043 —
1006 4001 1121 4054 Emeritis
1135 4006 1222 4074 strper-

155 4082 191 4134 ab
209 4083 262 4135 alio
285 4081 489 4154 appingentun
511 4079 670 4151 scripserant
713 4077 770 4130 diis.
791 4077 900 4149 Piqbius
916 4078 1013 4134 babet:
1026 4083 1221 4154 meritisstapen·

158 4179 220 4232 ergo
232 4175 269 4224 et,
291 4175 322 4218 ut
337 4161 425 4216 littera
444 4161 472 4213 D
493 4159 668 4232 suppleretur.
713 4157 779 4220 dau,-
792 4156 839 4212 sed
854 4158 966 4226 metior,
981 4159 1037 4216 sive
1048 4159 1153 4217 codices
1166 4163 1221 4218 sive
