3184 5132
197 519 201 527 '
306 503 1092 588 ctr.vt‚DEExTu1tN.1Nst1T.
1168 501 1238 578 135

175 639 306 708 tametsi
317 659 406 708 novo
418 633 607 731 spectaculo
617 635 838 732 obstupefacti
849 649 960 724 erant,
973 634 1119 706 suffirscs
1128 649 1241 707 tamen

177 744 320 815 lacrimis
337 743 468 813 dimisit

232 875 267 945 9.
295 849 361 920 Sed
388 863 426 918 ut
456 848 497 917 ad
523 846 778 917 Massiliensium
804 847 988 936 civitatem,
1017 845 1106 917 imde
1124 849 1158 917 in
1176 849 1242 920 hcc

178 955 418 1026 deverticulum
438 957 578 1042 excessi,
599 968 765 1042 revertar,
789 955 912 1024 intrare
938 954 1097 1050 oppidum
1124 977 1241 1024 eorum

179 1061 260 1132 nulli
273 1088 352 1133 curn
369 1061 435 1131 telo
448 1061 524 1131 licet
537 1075 744 1157 3praestoque
757 1075 824 1148 est,
842 1062 899 1157 qui
917 1060 951 1129 id
968 1061 1124 1130 custodiae
1137 1064 1242 1156 gratia

177 1184 371 1264 acceptum,
384 1171 513 1238 exituro
521 1167 657 1255 reddat,
668 1180 709 1238 ut
718 1166 861 1262 hospitia
874 1191 948 1255 sua,
961 1167 1241 1262 quemadmodum

178 1275 429 1346 advenientibus
445 1275 592 1344 humana
609 1287 703 1362 sunt,
721 1274 767 1342 its
788 1272 882 1369 ipsis¹
900 1297 1033 1370 quoque
1052 1287 1125 1343 tuta
1146 1277 1221 1344 sint.

237 1405 293 1452 ro,
322 1385 452 1451 Horum
476 1382 599 1452 moenia
624 1405 756 1475 egresso
776 1393 872 1450 uetus
897 1378 951 1450 ille
974 1404 1047 1449 nos
1065 1377 1240 1450 Gallorum

177 1489 338 1572 occurrit,
358 1512 441 1582 quos
455 1487 614 1558 memoria
630 1485 798 1580 proditum
813 1501 878 1574 est,
895 1483 1072 1582 pecunias²
1093 1501 1242 1574 mutuas,

176 1617 250 1687 quse
262 1593 315 1662 his
332 1592 422 1689 apud
436 1593 560 1663 interos
572 1591 804 1678 redderentur,
822 1593 902 1664 dare
917 1592 1031 1663 solitos
1045 1617 1055 1680 ;
1073 1595 1151 1686 φύε
1167 1617 1241 1688 per·

176 1724 311 1769 suasum
336 1699 546 1788 hahuerunt,
563 1699 690 1768 animas
715 1698 888 1770 hominum
916 1697 1120 1770 immortales
1144 1723 1239 1770 esse:

176 1805 321 1875 dicerem
353 1804 495 1892 stultos,
526 1807 588 1874 nisi
617 1803 705 1872 idem
727 1791 894 1876 braccati³
926 1805 1121 1894 sensissent,
1150 1806 1241 1901 quod

177 1911 330 2006 palliatus
347 1911 552 2006 Pythagoram
569 1909 717 1978 credidit.

238 2041 294 2087 11.
311 2019 422 2086 Avara
434 2032 470 2088 et
484 2015 695 2086 loerieratoria
712 2013 886 2104 Gallorum
907 2004 1153 2114 philosophia⁴:
1174 2016 1240 2086 sla·

179 2124 244 2192 cris
264 2123 414 2196 eufoms
435 2107 675 2194 Cimbrorum⁵
697 2135 731 2190 et
752 2121 1012 2211 Celtiberorum,
1039 2125 1094 2218 qui
1116 2125 1150 2192 in
1172 2125 1241 2193 acie

222 2333 245 2368 ι.
273 2315 343 2386 Ipsis.
369 2313 412 2368 Ad
435 2318 577 2387 peregriaos
604 2313 686 2366 relect
729 2311 799 2366 Ccd.
812 2311 1040 2366 ‘l'heodnsianm
1055 2337 1094 2348 -··
1109 2313 1238 2370 Patisco.

177 2397 290 2466 Rupert.
304 2395 387 2448 immo
397 2394 431 2448 de
443 2393 632 2448 Massiliensibus
642 2393 685 2445 in·
728 2391 763 2446 td
777 2406 834 2456 est,
844 2411 960 2465 grecus,
971 2394 1034 2465 quis
1048 2393 1135 2448 Greci
1150 2395 1240 2466 palliis

175 2471 358 2546 colligendum.
369 2471 480 2528 Poterat
489 2493 541 2528 vox
553 2473 685 2544 plsneah·
728 2472 882 2526 utebantur.
904 2473 991 2527 Possit
1013 2485 1041 2526 et
1060 2472 1124 2542 ideo
1149 2473 1240 2529 dictus

176 2573 246 2618 esse,
257 2555 279 2608 si
290 2552 324 2608 ad
335 2555 452 2626 hospites
461 2554 618 2618 referretur,
627 2552 684 2606 suf·
727 2551 816 2605 videri
824 2552 959 2624 palliatus,
971 2551 1045 2625 qood
1058 2553 1238 2626 philosophus

178 2635 268 2689 ficeret
280 2635 352 2686 enim
368 2634 553 2688 cummium.
728 2630 788 2685 hait.
809 2631 967 2704 Philosophi
988 2634 1060 2686 enim
1082 2633 1171 2705 palliis
1186 2635 1237 2687 usi.

219 2734 244 2768 s.
265 2715 392 2768 Pecuniae.
409 2715 508 2784 Legae,
523 2731 582 2784 quas
597 2712 684 2777 Mela,
726 2712 919 2784 DePJtlsqm
929 2715 1040 2786 eiusque
1049 2713 1237 2785 parspqusicss

175 2795 232 2856 111,
246 2815 278 2850 a.
291 2792 325 2846 de
336 2793 470 2846 Druiadibus
482 2793 572 2846 refert.
724 2791 810 2844 cuivis
825 2804 936 2845 constat.
950 2791 1002 2845 llio
1015 2791 1138 2856 tandem,
1149 2811 1236 2864 qaum

218 2874 244 2927 3.
265 2875 388 2928 Bmccati.
402 2871 435 2926 ld
451 2884 505 2938 est,
523 2871 601 2926 Gaui
618 2871 684 2924 Om-
726 2867 794 2936 diu,
808 2871 940 2942 simulque
958 2874 1016 2942 ojus
1033 2889 1103 2924 uxor
1123 2873 1235 2934 ruam,

176 2953 219 3008 nis
233 2954 305 3006 enim
325 2952 410 3006 Gallia
428 2953 493 3006 olim
513 2952 542 3006 in
556 2965 608 3005 tres
727 2951 870 3022 profuisset
878 2949 1056 3019 Crotoniatis,
1069 2964 1096 3004 et
1111 2951 1237 3022 plurimis

178 3047 218 3086 tes
247 3047 287 3086 est
311 3032 415 3086 diuma:
431 3034 461 3086 in
482 3044 590 3103 togatam
636 3048 684 3084 seu
726 3030 837 3083 utilihus
847 3030 960 3102 repertis
971 3029 1089 3082 nominis
1098 3031 1235 3085 immorta-

177 3113 347 3184 cisalpinam,
360 3113 504 3168 Rubicone
522 3111 638 3166 flumine
658 3122 685 3164 et
725 3109 828 3163 litatem
841 3109 890 3163 sihi
903 3109 1061 3180 peperisset,
1070 3121 1146 3162 extra
1156 3112 1236 3164 neha-

177 3193 291 3262 Alpihos
314 3193 483 3246 terminatam
501 3184 538 3259 )‚
568 3202 684 3244 comam
726 3207 776 3242 nos
789 3190 917 3260 strepitus
931 3189 959 3242 in
972 3189 1154 3242 remotisn'mis
1172 3190 1236 3245 locis

179 3263 249 3336 (seo
270 3272 476 3342 transalpinam,
491 3289 553 3342 quse
568 3282 608 3324 est
625 3271 684 3324 hel·
726 3269 876 3322 consenuit·
890 3269 965 3323 Obiit
976 3269 1138 3342 Metaponti,
1155 3280 1236 3343 atque

181 3349 262 3420 pica,
287 3351 402 3414 celtica,
425 3351 577 3423 aquitanica
593 3342 625 3418 ),
657 3362 685 3402 et
726 3351 783 3419 ejus
803 3347 899 3402 domus
918 3350 946 3402 in
970 3351 1101 3421 θαιρΙιιω
1121 3361 1233 3404 natata.

180 3429 329 3493 braccatara,
344 3447 391 3482 seu
409 3431 684 3496 narbonensemfflc·
727 3425 799 3482 Vide
813 3429 993 3483 lamblichum
1006 3428 1041 3483 de
1055 3430 1103 3483 rit.
1120 3429 1233 3502 Pythsg.

178 3508 505 3580 manornmprovinciam
514 3509 685 3564 Braccatise·
768 3515 795 3573 4.
821 3509 907 3564 Ama
914 3549 961 3563 .....
975 3509 1134 3580 phisosophis.
1152 3510 1236 3576 Quod

178 3609 211 3642 ro
221 3588 274 3640 hoc
284 3587 345 3640 loco
355 3601 419 3642 sunt
431 3589 555 3662 inprim'u
565 3587 683 3642 Druida-
727 3589 862 3661 precipue
876 3587 993 3642 Druides
1013 3587 1159 3654 docerent,
1179 3591 1236 3643 sni-

178 3669 236 3720 Nec
249 3667 300 3720 soli
313 3667 403 3732 Galli,
413 3668 460 3722 sed
473 3682 501 3722 et
516 3668 645 3722 Germani
657 3681 685 3723 st
726 3685 783 3722 snas
795 3669 938 3722 hominnm
950 3685 1006 3722 esse
1016 3669 1193 3736 immortales,
1209 3683 1236 3724 et

178 3747 417 3814 Sarmate,immo
430 3763 457 3802 et
471 3749 587 3804 Geteet
599 3749 685 3804 Persas
727 3749 852 3820 pecunias
872 3767 950 3820 posse
964 3745 1022 3800 dari
1040 3763 1161 3816 mutuas,
1176 3768 1236 3823 qua

177 3827 278 3882 hraccis
295 3828 337 3880 usi
356 3841 440 3897 sunt,
459 3847 527 3901 qaas
541 3829 685 3882 herhas-am
726 3827 799 3900 apud
810 3829 910 3881 inlesos
921 3826 1106 3883 redderentur.

177 3919 282 3979 tegmen
304 3908 413 3962 Tacitus
436 3919 524 3963 rocst-
542 3909 634 3962 Rome
649 3921 686 3964 us-
769 3909 795 3962 5.
811 3908 1235 3962 Cimlmm.Aueos-umncmen

177 4005 238 4041 mec
251 3999 342 4060 postea
356 3987 530 4042 invaluerunt
544 3988 596 4050 ita,
610 4001 642 4042 nt
651 3989 685 4042 ah
728 3985 863 4050 aGcraer,
876 4000 922 4041 aut
941 4007 956 4041 a
973 3987 1077 4060 Kempm
1090 4007 1136 4042 seu
1150 3989 1235 4043 am-

175 4067 685 4123 llonorioethrcadiohocvestimenti
724 4069 781 4140 pser
800 4065 976 4122 derivandum
990 4068 1043 4136 sit;
1064 4089 1098 4123 an
1117 4068 1238 4123 Sicambri

174 4165 256 4218 genas
268 4162 486 4220 compesceretur
494 4147 684 4222 legibus-Vide
727 4167 778 4219 pro
789 4149 901 4205 victoria
914 4142 1008 4221 (δίει)
1019 4147 1175 4203 dimicantes
1188 4148 1236 4204 de·

373 4245 376 4251 “
1033 4245 1044 4288 l
