3184 5132
586 203 593 244 l

404 494 476 569 130
589 493 817 566 VALERII
845 497 1054 568 MAxIMI
1084 499 1179 566 LIB.
1208 499 1258 566 11.

399 629 477 724 quid
487 628 882 725 quisquehtheniensium
896 643 1089 724 ageret,aut
1100 653 1245 723 quonam
1258 645 1383 726 questu
1394 655 1459 702 sus·

399 751 601 822 tentaretur,
623 734 870 830 diligentissime
891 737 1057 830 inquirere
1080 734 1221 821 solebat,
1253 751 1292 806 ut
1314 738 1460 808 homines

400 843 622 930 honestatem,
639 843 715 914 vitae
735 844 896 913 rationem
916 867 1079 912 memores
1096 841 1298 914 reddendam
1311 869 1397 934 esse,
1413 871 1460 915 sc-

397 946 608 1045 querentur¹.
1404 959 1407 966 ’

453 1053 487 1126 5.
516 1051 641 1124 Eadem
667 1053 772 1124 bonos
793 1057 881 1124 cives
903 1077 1026 1124 corono
1048 1054 1227 1124 decorandi
1248 1057 1358 1150 primo
1380 1082 1459 1126 con·

397 1161 602 1234 suetudinem
621 1161 816 1249 introduxit,
838 1160 967 1230 duobus
981 1159 1062 1230 oleae
1076 1163 1231 1231 connexis
1247 1162 1382 1232 ramulis
1396 1163 1459 1233 cla·

397 1293 470 1338 rum
488 1265 642 1338 Periclis²
664 1265 826 1362 cingendo
847 1281 955 1362 caput.
977 1266 1151 1338 Probabile
1170 1269 1378 1358 institutum,
1393 1272 1459 1339 sive

396 1400 483 1461 rem,
505 1359 594 1444 sive³
616 1397 791 1469 personam
814 1373 934 1442 intueri
950 1371 1038 1443 velis.
1057 1376 1145 1446 Nam
1165 1390 1198 1444 et
1216 1377 1346 1446 virtutis
1364 1376 1458 1445 uber·

396 1482 515 1550 rimam
539 1479 733 1550 alimentum
754 1493 805 1548 est
826 1477 958 1566 honos;
979 1493 1012 1549 et
1034 1480 1176 1550 Pericles
1196 1481 1332 1576 dignus,
1358 1507 1459 1577 aquo

277 1579 281 1589 ¹
395 1587 468 1658 talis
480 1588 626 1657 muneris
639 1585 739 1654 dandi
751 1573 942 1680 posteritas*
957 1588 1164 1682 potissimum
1175 1590 1305 1657 initium
1318 1605 1460 1685 caperet.

394 1785 489 1860 πάγῳ)
507 1785 606 1840 Mertio
621 1787 680 1838 vico
698 1803 744 1838 seu
760 1785 907 1850 colliculo,
950 1797 1011 1838 ante
1019 1785 1144 1840 Solonem
1152 1786 1203 1840 hoo
1212 1787 1326 1842 extitisse
1330 1789 1459 1861 judicium

393 1867 505 1938 legimus
527 1864 598 1938 ttpud
617 1865 728 1918 Psusttn.
749 1864 777 1916 in
792 1865 903 1918 Atticis:
950 1884 1014 1918 vero
1034 1865 1197 1920 simillimum
1211 1878 1258 1920 est.
1274 1867 1377 1922 Horum
1388 1870 1458 1942 judi·

394 1947 499 2000 Nomen
515 1964 593 1999 suum
606 1942 670 1998 inde
689 1941 815 2015 odeptns,
831 1942 905 2015 quod
949 1963 1011 1998 com
1027 1945 1054 1998 in
1071 1965 1213 1999 numerum
1226 1949 1403 2019 cooptebatur
1413 1970 1458 2004 ne·

394 2026 466 2080 stan
488 2027 525 2080 ibi
547 2025 667 2097 primus,
682 2023 847 2076 Halirrhotio
863 2023 904 2075 in·
948 2041 1012 2090 mo,
1033 2025 1084 2078 nisi
1108 2038 1135 2079 et
1156 2039 1292 2080 stemmate
1318 2029 1413 2083 nobilis
1433 2044 1458 2084 et

394 2107 520 2172 terfecto,
542 2103 643 2175 jndicio
664 2123 692 2156 se
713 2105 804 2157 sistere
824 2103 906 2156 fuerit
948 2107 1192 2176 perspectsrirtute
1203 2104 1459 2176 ffignusoenscretm

393 2199 508 2239 coactus.
523 2184 603 2237 Hiooe
624 2197 744 2250 senatus,
760 2201 840 2254 quem
859 2201 905 2235 ve·
948 2182 1058 2236 Greci·
1068 2185 1148 2238 totius
1160 2183 1249 2255 judex.
1262 2186 1299 2238 ΗΞ
1311 2189 1391 2242 etism
1402 2188 1460 2243 dili·

394 2265 435 2318 lut
449 2266 557 2318 alteram
576 2281 699 2316 ancoram
714 2263 839 2335 populari
854 2262 904 2314 im·
947 2275 1039 2334 genter
1062 2263 1254 2336 inquirebant,
1276 2265 1343 2339 quid
1372 2283 1457 2342 ageret

393 2346 470 2416 perio
493 2341 627 2396 adherere
652 2343 775 2395 volueret
798 2341 903 2408 Solon,
947 2343 1148 2397 Atheniensium
1160 2346 1280 2416 quisque.
1324 2341 1326 2346 ’

390 2421 522 2496 judicium
530 2421 905 2494 esmoebstdecriminecspi·
990 2439 1012 2476 s.
1038 2423 1073 2476 tls
1090 2423 1193 2476 hmines
1212 2464 1279 2479 .......
1298 2441 1455 2500 septem,

395 2504 456 2571 tali,
470 2503 603 2576 precipue
624 2521 689 2556 vero
704 2500 738 2555 de
753 2503 902 2574 impietate,
947 2501 1044 2556 Senem
1056 2515 1095 2556 est
1105 2522 1111 2557 :
1123 2517 1168 2568 ut,
1180 2504 1202 2558 si
1214 2504 1337 2560 homines
1355 2519 1457 2580 semper

395 2581 469 2654 quod
480 2595 589 2656 apparet
599 2601 630 2635 ex
640 2601 685 2648 eo,
694 2579 766 2653 quod
778 2581 905 2634 deTheo·
946 2583 1145 2650 meminissent,
1162 2585 1294 2638 rstionem
1309 2587 1371 2640 vita
1394 2589 1457 2661 ipsis

396 2662 465 2716 doro
478 2663 556 2716 atheo
569 2674 659 2716 namet
675 2661 803 2714 Laertius.
816 2660 905 2729 Nemi·
947 2681 1002 2716 esse
1012 2660 1359 2729 reddendum,honeststem
1368 2686 1458 2740 seque·

396 2757 458 2796 nem
470 2760 575 2816 quoque
588 2744 663 2810 lutet,
676 2759 725 2794 cur
738 2735 859 2794 Socrates
871 2743 904 2794 sb
946 2753 1055 2809 rentur,
1069 2761 1156 2816 neque
1172 2745 1244 2816 teupi
1259 2745 1313 2798 sits
1324 2765 1353 2799 se
1368 2765 1456 2802 uascu-

397 2823 554 2896 meopsgitis
567 2821 706 2876 dsmnetus
723 2821 765 2875 sit.
773 2821 835 2874 Fuit
848 2821 905 2875 hec
946 2822 1040 2876 luent„

394 2901 515 2975 judicum
545 2903 618 2956 curis
645 2902 694 2956 sits
721 2919 776 2954 non
810 2901 904 2973 procul
961 2935 964 2942 ⁴
990 2901 1456 2978 2.Pen'e!is.l'ericlcs,philosophas,

397 2983 538 3055 Acropoli,
552 2999 648 3054 nempe
663 2984 731 3035 circs
747 2982 905 3052 προπύλαια,
947 2993 1038 3034 orator
1050 2993 1076 3035 et
1085 2980 1139 3034 dux
1152 2983 1354 3038 Atheniensium
1368 2987 1456 3040 cletis·

396 3081 455 3136 que
462 3075 567 3116 vocent.
577 3064 726 3134 Antequam
735 3063 802 3114 sotio
817 3061 904 3114 inten·
947 3061 1048 3126 simus,
1064 3061 1110 3134 qui
1125 3063 1280 3134 rempublic.
1300 3064 1388 3118 athen.
1408 3083 1457 3138 per

397 3142 692 3214 deretur,cogebsntur
704 3153 777 3195 actor
792 3153 818 3194 et
829 3159 903 3204 mus,
946 3140 996 3192 XL
1013 3159 1096 3194 snnos
1115 3143 1180 3194 mira
1198 3141 1341 3214 prudentis
1360 3145 1456 3216 guber·

398 3224 550 3294 grstissimo
565 3241 592 3275 se
606 3219 779 3292 jurejurando
792 3220 906 3274 obstrin-
947 3220 1027 3273 navit.
1043 3219 1094 3274 llic
1113 3235 1262 3294 suggestum
1278 3223 1456 3280 conscendens

397 3321 476 3375 gere,
497 3315 523 3356 et
544 3302 584 3355 his
608 3299 671 3354 inde
691 3318 795 3353 conum
819 3319 903 3353 orare.
946 3301 1048 3371 precari
1067 3302 1159 3354 solitus
1178 3315 1232 3369 est,
1252 3315 1282 3356 ut
1297 3303 1401 3358 naham
1423 3325 1454 3358 ex

396 3375 505 3436 Iudices
517 3394 603 3436 sutem
618 3379 744 3434 sedebant
756 3380 783 3432 in
799 3378 904 3434 duobus
947 3398 994 3432 ore
1007 3383 1176 3434 suoverhum
1194 3383 1291 3449 exiret,
1304 3401 1359 3456 quo
1373 3403 1457 3457 popu·

397 3465 526 3534 argenteis
540 3461 675 3526 scabellis,
691 3478 804 3531 quorum
820 3479 904 3512 unum
947 3459 988 3512 lus
1000 3459 1187 3516 offenderetur.
1201 3463 1314 3528 Quintil.
1334 3465 1402 3530 ΧΠ,
1422 3484 1456 3535 9ῑ

398 3543 560 3606 contumeliae,
575 3543 688 3594 slterum
700 3541 851 3611 impudentia
865 3537 904 3592 di·
947 3540 1042 3594 AElittn.
1056 3541 1119 3594 Ver.
1140 3542 1201 3595 hist.
1217 3543 1274 3610 1V‚
1292 3561 1334 3597 ro.

397 3622 506 3687 oebsnt,
520 3633 599 3694 atque
614 3621 650 3674 ita
662 3632 742 3672 noctu
756 3633 782 3673 et
795 3620 844 3672 sub
859 3617 903 3671 die
988 3619 1015 3674 3.
1035 3620 1090 3673 Sim
1103 3641 1165 3683 nm,
1184 3627 1239 3676 sive.
1254 3623 1362 3694 Pighius
1381 3624 1456 3695 prius

397 3721 500 3755 summo
511 3720 571 3754 cum
580 3700 683 3755 silentio
693 3697 834 3753 audiebant
842 3717 903 3752 cau·
947 3703 995 3752 sive
1017 3700 1127 3765 omisit,
1148 3701 1199 3755 nisi
1222 3703 1290 3756 torte
1314 3704 1456 3775 operarum

395 3800 454 3846 sss,
474 3779 595 3852 adempta
615 3778 843 3834 conciliandorum
865 3779 903 3831 ss·
947 3780 1198 3851 typographicorum
1220 3783 1321 3834 incuria
1339 3785 1454 3837 evanuit.

395 3861 511 3914 lectuum
520 3861 696 3925 lecoltste,ne
703 3858 833 3932 judicium
842 3858 900 3912 ani·
944 3857 1033 3912 Potest
1050 3873 1137 3913 temen
1159 3863 1265 3926 obesse,
1288 3879 1370 3935 quum
1387 3862 1454 3916 nihil

396 3959 453 3993 mus
482 3960 497 3992 a
521 3959 613 3994 nonne
644 3941 710 3994 recti
740 3939 900 3993 deflecteret.
944 3939 1107 4011 hequentius
1123 3941 1169 4004 sit,
1189 3957 1268 4012 qusm
1283 3943 1364 3996 semel
1384 3943 1454 3996 illem

394 4023 468 4074 Inter
480 4018 597 4093 judices,
621 4022 668 4092 qui
690 4037 802 4073 numero
826 4031 900 4072 crsnt
944 4020 1099 4091 pst-ticulum
1121 4021 1204 4091 poni,
1221 4021 1267 4074 ubi
1284 4021 1324 4076 bis
1348 4021 1456 4076 videtur

394 4119 504 4168 notem,
514 4093 573 4152 'erat
581 4101 643 4152 olim
657 4101 747 4171 etrcgi
756 4101 844 4163 locus,
854 4099 901 4170 qui
943 4099 1052 4172 requiri.

392 4193 490 4236 corona
513 4177 654 4252 deposita,
673 4177 815 4250 judicabst.
836 4179 901 4244 ¹Jam
986 4186 1012 4244 4.
1034 4179 1175 4232 Postm'tss.
1189 4180 1241 4234 Alii
1251 4219 1259 4246 ,
1270 4193 1388 4252 potestas.
1398 4183 1454 4237 Cur
