3196 5122
407 527 480 599 ²7²
589 498 814 569 VALERII
842 495 1052 566 ΜΑΧΙΜῙ
1080 496 1176 564 LIB.
1203 497 1269 564 IV.

461 659 493 704 a.
517 633 620 700 Nimis
641 629 786 700 liberalis
804 629 957 723 Archytae
979 627 1187 698 moderatio:
1209 627 1357 696 Platonis
1382 641 1467 697 tem-

406 725 560 837 peratior.
576 740 662 808 Nam
684 761 786 832 quum
801 735 959 804 adversus
973 734 1130 822 delictum
1143 736 1228 804 servi
1242 735 1468 804 vehementius

406 847 593 928 exarsisset,
611 845 751 930 veritus,
767 869 809 912 ne
826 845 895 938 ipse
914 841 1050 911 modum
1066 839 1217 910 vindicte
1229 841 1391 935 dispicere
1403 865 1468 910 non

407 966 535 1048 posset,
555 947 759 1046 Speusippo¹
781 951 888 1018 amico
909 949 1132 1042 castigationis
1148 947 1320 1016 arbitrium
1335 947 1468 1016 manda·

406 1062 473 1146 vit3
493 1056 641 1126 deforme.
660 1057 720 1125 sibi
742 1055 890 1124 futurum
911 1057 1116 1140 existimans,
1138 1055 1164 1122 si
1179 1056 1417 1142 commisisset,
1433 1068 1469 1122 ut

406 1189 521 1262 parem
539 1164 828 1260 reprehensionem
851 1161 948 1256 culpa
967 1162 1071 1248 servi,
1093 1174 1127 1230 et
1139 1160 1381 1230 animadversio
1394 1157 1468 1250 Pla-

407 1273 495 1341 tonis
521 1286 712 1340 mererctur.
735 1270 813 1357 Quo
840 1271 949 1338 minus
974 1270 1093 1354 miror,
1113 1267 1203 1361 quod
1224 1268 1258 1336 in
1282 1269 1468 1336 Xenocrate

407 1375 568 1472 discipulo
593 1401 652 1446 suo
676 1390 742 1444 tam
766 1390 957 1445 constanter
979 1371 1184 1444 moderatus²
1202 1373 1275 1444 fuit.
1298 1373 1469 1460 Audierat,

407 1509 483 1556 eum
507 1483 548 1552 de
569 1508 603 1552 se
629 1481 731 1552 multa
751 1483 849 1578 impie
871 1480 1018 1552 locutum
1043 1506 1051 1550 ε
1077 1482 1146 1552 sinc
1169 1479 1235 1550 ulla
1262 1481 1470 1550 cunctatione

407 1591 669 1662 criminationem
691 1591 826 1683 respuit
846 1589 994 1658 Instabat
1015 1602 1105 1658 certo
1124 1573 1235 1656 vultu³
1258 1587 1375 1675 iudex,
1396 1611 1469 1655 cau·

408 1722 477 1768 sam
492 1721 640 1790 quaercm
663 1719 723 1764 cur
741 1695 801 1764 sibi
823 1695 904 1764 fides
925 1721 993 1764 non
1014 1694 1216 1764 haberetur:
1241 1693 1381 1788 adjecit,
1404 1715 1470 1762 non

407 1829 481 1874 esse
499 1802 674 1889 credibile,
693 1817 841 1896 atquem
857 1817 1036 1896 tantopere
1052 1818 1201 1888 amaret,
1219 1801 1266 1870 ab
1279 1826 1320 1869 eo
1335 1805 1470 1870 moisem

408 1935 477 1980 nou
493 1909 696 2006 diligeretur.
713 1911 900 2000 Postremo,
918 1933 1020 2002 quum
1035 1907 1078 1976 ad
1090 1907 1320 2001 jusjurandum
1340 1907 1471 1976 inimici·

409 2018 472 2087 tias
488 2015 621 2086 ferentis
633 2014 819 2110 malignitas
833 2015 1052 2110 confugisset,
1068 2039 1109 2082 nc
1121 2012 1163 2082 dc
1176 2015 1321 2109 perjurio
1336 2015 1409 2107 ejus
1423 2013 1471 2080 di-

409 2137 575 2219 sputaret,
587 2122 782 2210 affirmavit,
796 2145 988 2216 «nunquam
1004 2123 1226 2192 Xenocratem
1239 2119 1293 2189 illa
1307 2119 1471 2190 dictunrm

410 2230 525 2317 fuisse,
536 2231 597 2298 nisi
610 2253 647 2297 ea
663 2229 727 2296 dici
736 2227 889 2324 expedire
902 2228 963 2298 sibi
971 2227 1157 2321 judicasset.
1168 2258 1185 2293 u
1197 2230 1275 2298 Non
1285 2229 1320 2296 in
1332 2249 1471 2321 corpore

410 2333 541 2406 mortali
548 2323 572 2421 ¹³,
586 2333 648 2402 sed
665 2336 697 2402 in
711 2359 786 2404 arce
800 2333 936 2424 celesti,
955 2335 1131 2429 etquidem
1147 2348 1310 2402 armatum
1326 2336 1471 2428 animum

409 2443 493 2536 ejus,
505 2443 580 2510 vitae
592 2441 765 2510 stationem
780 2455 875 2534 putes
887 2441 1067 2538 peregisse,
1081 2441 1304 2510 humanorum
1317 2441 1471 2508 vitiorum

413 2651 512 2704 malum
523 2650 687 2722 impunitatis
696 2651 845 2722 exemplum
855 2669 922 2724 pru·
963 2671 1023 2706 rum
1033 2663 1217 2724 contemptor,
1227 2650 1471 2724 quumecoutrario

412 2731 487 2791 bere,
506 2749 538 2782 ex
554 2749 604 2802 qua
619 2734 703 2801 major
716 2732 848 2784 enascitur
862 2751 921 2803 pec·
963 2731 1115 2786 Aristotelea
1140 2751 1209 2786 vano
1229 2731 1346 2804 quodam
1367 2733 1431 2784 luxu
1448 2742 1472 2782 et

412 2807 492 2864 caudi
504 2811 617 2864 licentia.
626 2812 678 2864 Vix
691 2811 789 2882 igitur,
802 2809 875 2882 quod
887 2811 921 2865 se·
963 2813 1102 2883 iugratoin
1110 2813 1247 2866 Platonem
1257 2813 1345 2864 animo
1358 2811 1472 2882 aliquam

413 2891 450 2944 eit
465 2891 611 2962 Archytae,
627 2889 758 2944 laudanda
774 2889 921 2944 moderatio
954 2889 1162 2964 'improbitatem
1173 2892 1339 2964 significaret.
1347 2892 1380 2942 V.
1393 2891 1474 2942 AElia·

414 2969 467 3025 dici
480 2983 576 3042 potest.
964 2991 1046 3038 num,
1061 2973 1101 3037 ll,
1121 2991 1171 3040 ¹93
1183 2973 1241 3036 IV,
1251 2989 1279 3040 9.

456 3069 480 3104 a.
491 3051 630 3122 Speusippo.
645 3050 922 3122 Speusippus,asum·
1006 3071 1032 3104 a.
1053 3052 1201 3104 Modemtus.
1219 3051 1344 3104 Absolute
1360 3067 1412 3122 pro
1428 3049 1474 3101 sili

414 3130 464 3184 mis
476 3131 555 3194 viril,
570 3129 667 3184 Solone
679 3144 705 3184 et
717 3129 820 3196 codro,
832 3145 921 3184 ortum
965 3143 1009 3184 aut
1024 3132 1103 3184 animo
1118 3151 1161 3183 ruo
1173 3129 1332 3184 moderatus.

415 3208 534 3276 ducens,
549 3211 673 3264 succesdt
693 3210 797 3263 Platoni
817 3211 845 3262 in
864 3229 922 3263 eca-
1006 3211 1032 3264 3.
1047 3209 1120 3263 Certo
1128 3212 1207 3264 uultu
1223 3212 1254 3263 Iu
1267 3211 1388 3281 quinque
1399 3207 1471 3262 MSS.

415 3288 521 3354 demis,
542 3287 634 3342 iisdem
649 3288 792 3354 doctrinis,
808 3309 862 3342 non
879 3309 923 3342 au·
965 3302 1003 3343 est
1015 3303 1081 3342 mroo
1094 3292 1180 3354 vultu,
1197 3289 1224 3343 id
1240 3303 1293 3354 cst,
1304 3291 1390 3354 irato,
1402 3286 1472 3360 quod

416 3383 470 3424 tem
483 3369 600 3422 moribus
619 3369 693 3422 illum
710 3383 845 3441 sequutus.
861 3370 923 3422 Fuit
965 3371 1015 3424 sibi
1029 3369 1095 3423 lidae
1108 3389 1163 3424 non
1178 3371 1331 3424 haberetur.
1342 3367 1395 3423 Sed
1411 3385 1473 3439 prat·

415 3450 605 3503 enimluxurite
614 3447 729 3502 deditus.
746 3449 922 3520 Speusippum
965 3461 1015 3503 etat
1036 3462 1100 3502 certo
1116 3452 1201 3514 ouku,
1217 3450 1245 3504 id
1262 3463 1322 3514 est,
1343 3448 1472 3502 constanti

415 3529 520 3600 excepit
532 3531 706 3594 Xenocrates,
720 3530 765 3600 qui
782 3547 830 3600 per
842 3529 922 3580 XXV
965 3548 1052 3601 neque
1076 3532 1202 3596 confuso,
1224 3531 1317 3601 qualis
1333 3529 1399 3582 solet
1420 3545 1474 3579 esse
1592 3593 1593 3608 χ

416 3625 499 3660 conoe
516 3610 622 3679 prefuit
634 3607 782 3662 academie.
797 3608 847 3660 Hic
867 3609 923 3679 pri·
965 3609 1104 3663 homiuum
1116 3611 1301 3664 mentientium
1313 3609 1414 3679 sibique
1423 3605 1474 3658 dil·

416 3687 601 3758 mumingenio
609 3687 674 3743 adeo
683 3687 923 3751 obtusus,utPlato
966 3689 1120 3754 fidentium,
1135 3705 1166 3743 ut
1181 3693 1249 3744 bene
1263 3689 1417 3742 Perizonius
1432 3703 1474 3738 ex·

415 3787 477 3821 eum
493 3785 554 3820 cum
566 3769 655 3834 asino,
671 3769 738 3822 sicut
756 3768 923 3820 Aristotelem
966 3769 1055 3841 plicat.
1070 3771 1176 3822 lacerno
1185 3768 1474 3841 vidtusestpareutium

416 3867 477 3901 cum
492 3865 578 3919 equo,
591 3861 770 3918 compararet,
784 3846 830 3900 aed
851 3847 924 3900 iude·
966 3847 1037 3920 apud
1050 3850 1153 3903 Sallust.
1165 3851 1181 3902 J
1184 3850 1290 3920 ugurth.
1304 3868 1327 3902 c.
1344 3849 1417 3908 cvl.

361 3991 362 3996 ¹
415 3925 922 3998 leesadiligentiauaturamemendavit.
1009 3935 1035 3991 4.
1051 3931 1188 4000 incorpore
1203 3931 1306 3982 mortali.
1327 3928 1429 3982 Passim
1451 3929 1475 3978 in

416 4006 604 4078 Virprobitate
610 4009 763 4080 meritisque
771 4008 924 4079 gravisluit,
966 4009 1044 4061 cosule.
1055 4009 1116 4062 Non
1126 4012 1208 4076 male,
1216 4011 1277 4080 quia
1287 4027 1334 4061 cor
1342 4007 1418 4078 quasi
1430 4023 1476 4058 arx

417 4097 444 4136 et
454 4105 540 4154 pravae
551 4087 925 4158 voluptatisseverissimusca·
967 4089 1083 4142 humana
1099 4090 1190 4142 haberi
1210 4101 1305 4160 potest.
1319 4119 1360 4132 —
1381 4088 1411 4140 In
1423 4103 1476 4136 me

417 4164 541 4235 stigator3
552 4184 601 4220 uec
614 4185 669 4220 uou
681 4165 824 4222 Alexandri
834 4185 924 4220 mune·
966 4169 1063 4224 celesti.
1091 4168 1193 4226 Alludit
1216 4167 1251 4224 ad
1274 4165 1394 4222 Platonis
1416 4183 1475 4220 sen·
