3190 5122
369 535 480 604 cnr.
508 533 592 619 111,
619 513 688 600 nn
715 531 982 601 incurris.
1129 531 1203 628 3⁶9

151 671 294 752 devicta,
311 667 345 736 in
361 664 508 735 exsilium
523 664 672 758 protinus
690 664 867 748 misissent,
882 687 921 732 ac
939 687 1006 732 non
1024 663 1057 732 in
1075 689 1207 736 carcere

152 791 186 846 et
199 772 336 844 vinculis
353 774 438 841 mori
452 773 652 865 coegissent3
663 769 737 856 sed,
757 784 793 837 ut
806 784 905 864 puto,
920 768 1078 838 hactenus
1092 775 1207 842 sevire

152 882 307 952 adversus
329 879 452 972 optime
482 879 634 946 meritum
662 875 803 950 abunde,
816 873 1017 943 duxerunt¹:
1037 878 1137 946 immo
1165 905 1207 950 ne

152 1012 272 1080 corpus
290 984 422 1080 quidem
436 984 523 1077 ejus,
543 983 588 1050 sic
604 982 769 1075 exspirare
790 982 910 1068 coacti,
928 978 1102 1074 sepultura·
1117 985 1207 1078 prius

153 1091 302 1162 mandari
322 1091 409 1184 passi
426 1104 519 1175 sunt,
536 1111 634 1182 mam
654 1085 738 1156 lilius
757 1088 826 1180 ejus
847 1087 966 1155 Cimon
989 1085 1109 1156 eisdem
1131 1092 1208 1158 viu-

154 1197 235 1267 culis
253 1209 291 1266 'se
310 1193 599 1289 constringendum
619 1191 770 1261 traderet.
792 1195 887 1260 Hanc
910 1190 1123 1261 hereditatem
1145 1219 1207 1288 pa·

152 1317 282 1371 ternam
300 1302 431 1370 maximi
444 1299 537 1368 ducis
555 1298 658 1380 lilius,
674 1311 707 1365 et
719 1297 849 1366 iuturus
864 1299 932 1391 ipse
943 1298 1046 1366 aetatis
1062 1322 1127 1366 suae
1142 1300 1210 1370 dux

155 1409 331 1494 maximus,
347 1405 450 1476 solam
464 1429 498 1474 se
511 1400 680 1490 crevisse²,
694 1417 824 1471 catenas
838 1416 871 1471 et
885 1425 1064 1490 carcerem,
1079 1403 1211 1496 gloriari

156 1515 271 1608 potuit.
292 1511 450 1580 Aristides
467 1511 581 1594 etiam,
601 1532 668 1603 quo
688 1509 786 1576 totius
809 1509 944 1577 Graeciae
961 1508 1211 1600 justitia-cense-

156 1604 241 1704 tur³,
262 1617 469 1686 continentiae
486 1638 617 1707 quoque
634 1615 788 1682 eximium
806 1615 986 1707 specimen,
1003 1615 1107 1706 patria
1126 1641 1214 1684 exce·

157 1724 234 1792 dere
252 1723 361 1815 jussus
378 1735 449 1788 est:
466 1718 575 1788 felices
596 1719 757 1803 Athenas,
771 1743 843 1812 quae
865 1734 939 1812 post
956 1717 1041 1788 illius
1062 1719 1211 1790 exsilium

157 1830 304 1896 invenire
322 1824 461 1918 aliquem
481 1839 538 1893 aut
554 1825 663 1892 virum
683 1825 825 1909 bonum,
843 1837 899 1890 aut
917 1837 1080 1892 amantem
1099 1828 1149 1894 sui
1169 1828 1213 1895 ci·

159 1957 234 2000 vem
259 1944 454 2024 potuerunt,
479 1953 555 1996 cum
581 1953 647 2022 quo
674 1943 753 1997 trmc
776 1930 846 2020 ipsa
872 1931 1025 1997 sanctitas
1044 1931 1212 2025 migravit!

159 2021 422 2122 Themistocles⁴,
435 2058 565 2120 eorum,
583 2035 639 2127 qui
654 2035 814 2127 ingratam
831 2035 968 2127 patriam
985 2039 1109 2129 experti
1125 2051 1214 2128 sunt,

161 2141 408 2212 celeberrimum
420 2137 620 2234 exemplum,
635 2163 736 2232 quum
754 2137 841 2206 illam
856 2137 1068 2224 incolumem,
1078 2141 1215 2239 claram,

161 2245 365 2342 opulentam,
383 2247 563 2340 principem
577 2245 712 2313 Graeciae
726 2242 933 2330 reddidisset,
946 2269 986 2313 eo
1000 2271 1103 2340 usque
1116 2250 1216 2318 sensit

160 2354 341 2438 inimicam,
368 2363 405 2419 ut
426 2349 469 2418 ad
490 2350 622 2436 Xerxis,
648 2373 746 2443 quem
768 2348 866 2443 paulo
896 2364 971 2418 ante
994 2351 1216 2442 destruxerat,
1266 2359 1269 2368 “

164 2541 323 2612 931niraV',
339 2547 370 2603 4,
386 2551 437 2592 ext.
454 2557 478 2591 s.
494 2568 534 2580 -
554 2538 667 2590 Trecenta
709 2537 780 2590 Male
788 2537 870 2592 Aldus
879 2539 975 2612 aliique
984 2560 1033 2613 pro
1045 2545 1212 2598 monereri-

162 2623 245 2674 miliia.
260 2620 378 2674 Justiuus
390 2620 450 2672 loco
463 2617 542 2670 citato
555 2615 667 2670 ducenta
709 2629 818 2688 pserunt
834 2624 955 2684 meruere,
971 2633 1015 2674 aut
1034 2623 1126 2690 etism,
1142 2628 1213 2676 serti·

163 2701 244 2754 millia
254 2699 425 2752 barbarorum
439 2697 466 2748 iu
482 2714 511 2749 ea
526 2714 613 2768 pugna
628 2715 668 2749 ce·
711 2701 828 2748 tranent.

162 2779 256 2834 cidisse
275 2777 374 2831 scribit.
391 2808 431 2820 -
449 2777 571 2828 Protinus.
588 2777 668 2828 Abest
751 2776 778 2829 3.
796 2776 922 2839 Cernetur,
940 2776 968 2830 id
988 2791 1043 2844 est,
1063 2781 1212 2835 estimatur.

163 2861 192 2912 in
202 2857 280 2912 codd.
290 2857 437 2920 nonnullis,
451 2873 481 2907 ac
493 2853 613 2925 displicet
622 2855 669 2906 Pe·
711 2854 789 2908 Cous.
804 2874 881 2926 supra
894 2857 929 2919 V,
948 2877 979 2922 s,
993 2857 1020 2910 in
1036 2858 1101 2924 liue3
1116 2861 1213 2915 thstin.

164 2939 274 2990 risonio.
289 2936 433 2989 Torrenius
450 2946 520 2987 recte
542 2934 666 3004 explicat:
711 2935 1211 3008 1X‚2‚9.-Conrtnenrtoe..sp0ctmm.

169 3045 180 3066 ι
191 3018 213 3070 si
234 3017 301 3068 hanc
319 3015 436 3068 victorias
455 3025 593 3086 reportatas
609 3031 668 3084 gra·
711 3013 779 3064 Nam
798 3015 979 3085 pauperrimus
999 3017 1057 3069 fuit.
1076 3017 1110 3069 Et
1131 3037 1215 3089 quum

164 3097 229 3149 tiam
254 3094 291 3146 illi
310 3095 474 3157 retulissent,
496 3104 526 3144 nt
546 3092 669 3164 protinus
711 3091 836 3158 Calliam,
851 3094 935 3146 civem
953 3093 1125 3160 ditissimum,
1142 3097 1214 3169 quod

166 3174 294 3227 misissent
308 3173 336 3224 in
349 3171 494 3224 exsilium·
711 3169 852 3223 Aristidem
861 3185 994 3244 pateretur
1003 3170 1071 3227 lame
1082 3177 1215 3242 laborare,

209 3271 235 3305 ι.
245 3251 495 3304 Sed.......drsxerurrt.
505 3249 561 3302 Hoc
570 3250 669 3302 ironice
709 3248 810 3320 judices
824 3249 973 3305 damnaturi
985 3267 1073 3318 erent,
1088 3255 1215 3310 Aristides

166 3331 280 3396 dictum,
296 3343 326 3383 ut
339 3347 428 3382 seuam
439 3328 471 3380 sit
485 3346 492 3380 :
508 3345 561 3379 nou
576 3341 669 3398 putare
712 3328 792 3394 dixin
803 3354 814 3376 ι
823 3331 932 3402 selonge
941 3334 1215 3406 inagisinopia,qusm

167 3411 315 3473 Valerium,
342 3407 512 3461 Athenienses
538 3407 598 3458 satis
623 3407 669 3459 ha·
712 3409 820 3462 Calliam
840 3411 958 3464 maximis
979 3414 1074 3483 opibus
1094 3415 1215 3484 gloriari,

167 3490 265 3549 tuisse,
287 3485 413 3560 predicto
431 3484 511 3537 modo
527 3484 554 3536 in
572 3485 670 3538 Miltia·
712 3487 773 3560 quia
788 3490 935 3559 complures
950 3489 1066 3556 rideret,
1086 3495 1132 3565 qui
1146 3493 1215 3547 divi·

168 3567 229 3621 dem
249 3569 345 3620 saevire
371 3565 440 3618 ltlale
461 3565 541 3636 igitur
563 3565 671 3635 Pighius
712 3567 772 3631 tias,
795 3569 890 3638 quibus
909 3568 1084 3635 abundarent,
1105 3574 1133 3625 in
1153 3593 1215 3628 usus

170 3647 276 3701 intrusit
289 3665 350 3706 ison,
367 3657 427 3697 ante
439 3643 563 3695 distentat.
712 3646 753 3698 rel
766 3659 866 3717 turpes.
884 3649 925 3700 vel
939 3647 1089 3703 inhonestos
1103 3653 1215 3706 colloca·

211 3745 237 3778 a.
253 3725 326 3776 Herse
340 3724 670 3776 ienditatem.......crerisse.
712 3736 791 3788 rent3
809 3727 854 3796 qui
870 3744 932 3778 sero
947 3741 1124 3799 paupertatem
1140 3751 1215 3802 gene·

169 3804 346 3858 Hereditatem
362 3807 454 3854 cernere
469 3813 507 3854 est
519 3820 574 3854 eam
590 3801 671 3864 adim
713 3803 837 3856 rosissitni
848 3805 1120 3878 ferant,paucissimos
1127 3829 1189 3864 esse.
1199 3837 1210 3859 ι

169 3885 276 3956 proprie
299 3901 377 3946 vern,
401 3880 558 3942 deliberare,
583 3893 672 3933 utrum
755 3883 1037 3945 transmeavi&
1050 3887 1214 3944 AElian.Var.

171 3981 228 4017 erm
245 3962 317 4015 adire
332 3963 453 4026 velimus,
475 3977 523 4013 nec
538 3979 581 4014 ue.
589 3961 673 4012 Vetus
715 3959 840 4024 Risum,
852 3963 997 4031 ,tp-Ad
1003 3966 1101 4020 Xerxis.
1110 3967 1152 4020 Ad
1160 3972 1216 4042 ejus

171 4039 410 4096 solennis'lormnls
424 4043 674 4092 llomanommtcnr·
716 4038 799 4090 fllium
833 4041 990 4094 Artaxeraerrr
1015 4045 1215 4103 Themistoclem

173 4128 206 4173 tio
221 4121 368 4183 hereditati,-
380 4119 414 4173 de
428 4139 480 4191 qus
494 4118 590 4171 videsis
602 4118 673 4170 Bris·
715 4119 877 4189 confugisse,
898 4121 986 4194 Nepos
1004 4125 1101 4191 refert,
1121 4127 1164 4189 11,
1183 4149 1212 4198 9,

172 4201 276 4255 scnium
294 4199 328 4256 de
342 4200 468 4256 Formull.
478 4199 545 4268 vn,
562 4217 589 4270 p.
606 4201 672 4253 coo.
715 4215 774 4270 pag.
790 4198 825 4253 35
840 4213 935 4256 nostre
950 4201 1080 4256 editionis.

226 4285 255 4351 J.
567 4323 570 4330 ·
1041 4287 1090 4369 al
