3190 5122
376 507 450 594 soi
586 508 810 579 vinumi
838 455 1045 576 xxxxiiii
1072 507 1169 576 niu.
1197 506 1239 578 r.

288 666 292 679 ·
374 641 538 726 studiose,
559 655 630 709 tum
652 643 751 710 etium
770 639 908 710 feliciter
928 641 1111 734 gravissimi
1131 640 1277 709 criminis
1299 663 1375 708 reiis
1394 639 1449 709 de·

375 748 487 820 sensus
502 747 625 832 luerat,
643 749 802 816 Cinnanae
820 747 1069 842 proscriptionis
1084 762 1231 841 tempore
1247 746 1446 840 profugum,

374 854 563 949 praesidium
586 878 682 923 suum
705 857 738 924 in
763 854 868 922 fundo
886 855 1115 947 Tarquiniensi
1136 853 1238 922 cladis
1257 853 1445 923 conditione

376 961 573 1055 implorare,
598 960 747 1030 beneficii
761 961 836 1052 jure
854 975 1002 1055 repetere
1021 976 1191 1048 coactum,
1210 985 1229 1028 a
1252 963 1353 1030 sacris
1371 985 1444 1054 per·

374 1067 449 1136 fidae
466 1092 604 1152 mensas,
626 1083 660 1136 et
676 1067 835 1136 altaribus
854 1067 1072 1136 nefandorum
1088 1069 1259 1162 penatium
1275 1065 1444 1156 avulsum,

375 1172 564 1242 truculento
595 1175 714 1244 victori
742 1172 962 1268 jugulandum
998 1173 1128 1244 tradere
1163 1199 1230 1242 non
1263 1175 1442 1242 exhorruit.

377 1282 479 1374 Finge
497 1294 723 1350 accusatorem
743 1282 813 1374 ejus
837 1281 969 1352 fortuna
995 1280 1127 1376 publica
1152 1282 1184 1348 in
1206 1279 1363 1376 supplicis
1382 1306 1445 1349 no-

379 1411 456 1454 men
472 1411 688 1474 conversum,
707 1401 774 1456 tam
795 1386 978 1456 luctuosam
998 1387 1105 1458 illum¹
1123 1413 1220 1482 opem
1240 1387 1380 1482 genibus
1394 1411 1446 1456 aie

377 1494 491 1562 nixum
512 1519 637 1580 orassc3
658 1493 836 1562 crudeliter
857 1508 968 1564 tamen
988 1494 1139 1589 repulsus
1158 1493 1341 1564 videretur:
1368 1496 1445 1588 quia

378 1602 476 1670 etiam
494 1626 577 1693 quos
595 1602 721 1693 injuriae
739 1602 861 1670 invisos
879 1601 1018 1690 faciunt,
1037 1602 1196 1696 gratiosos
1213 1603 1352 1670 miserim
1373 1600 1444 1669 red·

379 1705 471 1775 dunt.
489 1711 616 1776 Verum
637 1706 789 1776 Sextilius
809 1732 877 1777 non
904 1723 1149 1796 accusatorem,
1172 1707 1230 1777 sed
1253 1722 1445 1802 patronum,

379 1815 563 1882 saevissimae
581 1815 704 1882 inimici
722 1813 886 1884 violentias
906 1817 972 1884 suis
986 1815 1137 1884 manibus
1153 1814 1296 1908 objecit:
1317 1815 1342 1882 si
1358 1829 1444 1882 metu

380 1919 525 2002 mortis²,
544 1923 613 1990 vitu
631 1921 803 2016 indignus3
825 1924 851 1990 si
867 1923 992 2016 praemii
1007 1947 1082 2017 spe,
1104 1936 1210 1990 morte
1226 1919 1444 2014 dignissimus.

435 2031 469 2112 d.
490 2029 554 2097 Sed
575 2044 613 2098 ut
635 2029 676 2097 ad
694 2014 815 2098 alium³
837 2043 1094 2099 consentaneum
1112 2029 1190 2096 liuic
1208 2029 1331 2122 ingrati
1348 2029 1445 2096 aiiimi

303 2181 306 2190 ·
380 2147 490 2202 actum
509 2135 748 2231 transgrediar,
767 2137 814 2203 Μ.
827 2137 943 2204 Cicero
961 2139 999 2206 C.
1013 2135 1176 2230 Popilium
1191 2137 1379 2222 Laenatem,
1399 2136 1444 2228 pi·

382 2263 471 2308 cenae
490 2244 649 2336 regionis,
673 2258 791 2336 rogatu
813 2245 861 2310 M.
883 2240 991 2330 Caelii,
1014 2267 1082 2312 non
1104 2245 1230 2310 minore
1252 2266 1333 2310 cura
1348 2265 1445 2336 quum

381 2344 566 2440 eloquentia
605 2348 770 2432 defendit3
807 2337 972 2443 eumque⁴
1007 2373 1106 2418 causa
1136 2347 1314 2418 admodum
1348 2347 1446 2416 dubia

382 2451 617 2539 fluctuantem,
640 2454 767 2524 salvum
787 2455 830 2523 ad
852 2472 987 2550 penates
1009 2482 1084 2526 suos
1107 2457 1255 2526 remisit:
1275 2455 1330 2524 hic
1350 2457 1443 2548 Pupi-

381 2544 459 2626 lius⁵
486 2573 600 2652 postea
622 2585 683 2636 uec
702 2587 755 2649 re,
779 2587 840 2630 nec
867 2563 969 2632 verbo
995 2588 1014 2632 a
1037 2564 1197 2632 Cicerone
1222 2559 1334 2650 laesus,
1357 2560 1445 2629 ultro

384 2767 414 2820 C.
428 2768 515 2822 Cnsiir
527 2783 617 2824 orator
627 2791 688 2824 euru
699 2769 817 2826 defendit
825 2791 833 2836 ;
842 2771 889 2844 qui
933 2791 985 2844 ope
994 2772 1120 2844 juverint.
1129 2805 1168 2816 -
1177 2772 1205 2823 V
1203 2775 1238 2824 itn
1252 2771 1364 2840 indiguis.
1373 2771 1440 2822 Tres

383 2866 466 2918 quum
488 2869 503 2902 a
522 2851 608 2904 Cinna
626 2850 723 2905 deinde
743 2866 809 2904 esset
827 2871 890 2924 pro·
934 2854 1009 2906 MSS.
1020 2854 1180 2922 vitudignus.
1192 2853 1295 2923 Reliqui
1307 2851 1441 2921 vulgatum

382 2929 891 3000 scriptus,adSextiliumclientemTer·
935 2946 1129 2986 recteserrunt.

381 3007 487 3080 quinios
499 3009 527 3064 iu
538 3011 644 3064 Etruria
656 3011 775 3078 divertit;
789 3013 833 3064 ille
845 3031 890 3064 ve·
977 3014 1002 3066 3.
1030 3013 1081 3066 Sed
1105 3025 1133 3066 iit
1157 3013 1193 3065 ad
1214 3014 1304 3072 adun,
1324 3023 1373 3064 etc.
1392 3013 1442 3063 Au.

382 3089 752 3163 roiugratissiinushospitem
761 3091 890 3164 prodidit.
934 3093 969 3145 U.
993 3111 1058 3162 7¹⁰·
1079 3125 1120 3138 -
1148 3093 1177 3146 C.
1200 3093 1331 3162 Popilinin.
1357 3093 1443 3155 Quem

426 3188 451 3222 r.
472 3171 553 3224 Illum.
573 3173 692 3238 Rectius,
714 3192 792 3244 quam
807 3174 886 3234 illam,
933 3171 1069 3243 parricidii
1084 3192 1159 3224 reum
1173 3171 1335 3224 defenderet.
1348 3202 1389 3214 —
1399 3173 1443 3223 Pi·

383 3247 455 3318 quod
478 3250 506 3303 in
524 3252 615 3304 multis
638 3251 712 3304 MSS.
737 3265 826 3306 exstit.
850 3285 890 3294 —-
933 3271 997 3302 cenis
1019 3255 1132 3322 regionis.
1161 3253 1244 3321 Regio
1268 3252 1352 3304 Italia
1372 3263 1443 3304 trans

385 3327 490 3382 Genibns
519 3335 640 3382 anirisnnn
666 3332 784 3384 Verbum
811 3337 890 3384 anniti
932 3333 1160 3404 Apenninum,sb
1173 3332 1385 3401 ipsismontibus
1400 3349 1443 3383 us·

383 3426 466 3479 quum
478 3411 634 3482 plerumque
642 3411 770 3464 intentam
781 3431 888 3482 operam
932 3431 984 3483 que
1006 3411 1039 3464 ud
1062 3430 1133 3464 mere
1154 3411 1320 3464 Adriaticum
1337 3423 1442 3465 extensu

383 3499 410 3540 et
425 3508 556 3543 summum
575 3489 693 3544 studium
712 3490 811 3562 eliqiiid
827 3511 887 3561 per·
932 3491 1003 3545 inter
1013 3492 1087 3544 AEsin
1104 3504 1130 3544 et
1145 3493 1283 3544 Leastrum
1298 3491 1403 3545 fluvios.

382 3567 490 3638 ficiendi
503 3569 647 3640 significet,
657 3571 802 3623 Torreuius
814 3572 888 3624 malit
972 3580 998 3636 4.
1018 3573 1136 3643 Eumque.
1147 3571 1221 3624 MSS.
1236 3573 1337 3644 aliquot
1352 3591 1440 3644 ωαψς

380 3648 480 3717 genibus
499 3650 615 3719 affixum,
643 3649 672 3704 id
696 3663 755 3715 est,
777 3651 887 3722 genibus
931 3650 1001 3704 unde
1018 3652 1138 3706 Perizon.
1156 3652 1264 3722 conjicit
1279 3673 1367 3724 eoque,
1384 3651 1439 3704 scil.

382 3727 484 3782 Sextilii
507 3731 541 3782 ita
559 3731 729 3796 advolutum,
748 3744 777 3784 ut
794 3751 824 3784 eu
839 3731 885 3784 fir·
929 3731 957 3786 in
974 3732 1097 3784 Picenum
1109 3733 1251 3802 regionem.
1267 3733 1342 3786 Nihil
1364 3751 1441 3802 opus.

382 3809 459 3862 miter
483 3812 723 3883 complecteretur,
745 3813 778 3865 ab
803 3813 887 3883 iisque
972 3811 997 3864 5.
1017 3813 1067 3863 Hie
1091 3813 1209 3882 Popilius.
1236 3812 1278 3866 Sic
1296 3825 1324 3866 et
1345 3811 1442 3882 reliqui

382 3891 474 3957 repelli
489 3893 533 3944 vix
547 3907 642 3963 posset.
929 3893 1077 3963 scriptores.
1088 3893 1164 3944 Solus
1180 3893 1337 3946 Plutarchus
1352 3893 1440 3944 homi·

425 3989 451 4022 s.
473 3972 541 4024 Metu
557 3978 645 4026 morin.
664 3972 733 4039 Quia
748 3973 776 4026 iu
792 3973 886 4026 tabella
929 3971 1028 4025 sidium
1052 3973 1103 4024 boc
1125 3973 1259 4026 Herennio
1288 3972 1439 4026 centurioni

380 4051 589 4119 proscriptorum
606 4052 792 4106 adscribuntur
807 4072 885 4124 gene·
930 4052 1059 4106 attribuit.
1076 4085 1116 4098 -
1136 4053 1187 4106 Nec
1207 4073 1239 4104 ne.
1258 4051 1291 4105 Id
1316 4065 1368 4116 est,
1391 4069 1439 4103 nec

381 4127 429 4179 reli
438 4129 551 4183 clausule
560 4134 716 4203 omnes,qui
725 4134 885 4204 proscriptos
929 4134 997 4186 ficto
1013 4131 1135 4204 quodam.
1146 4133 1215 4186 Male
1228 4134 1255 4186 in
1268 4129 1327 4186 cod.
1341 4133 1437 4207 Copes.

383 4208 538 4276 celaverint,
550 4212 728 4282 protexerint,
739 4225 783 4266 sut
795 4212 884 4282 quavis
930 4213 1062 4272 omissum·
