3218 5128
384 448 432 520 30
577 445 802 516 VALERII
834 444 1045 512 MAXIMI
1081 445 1178 513 LIB.
1210 445 1238 512 I.

380 579 531 674 auspiciis
548 578 635 646 enirn
653 577 768 671 patriis
778 573 801 663 ¹,
819 599 887 646 uon
900 573 1107 671 alienigenis,
1127 573 1367 672 rempublicam
1388 579 1443 648 ad·

380 686 557 756 ministrari
573 697 728 777 oportere
742 681 944 775 judicabant.

436 817 468 860 a.
489 793 526 860 C.
549 787 720 859 Cornelius
740 787 920 882 Hispallus,
938 802 1060 883 praetor
1080 789 1287 884 peregrinus,
1309 792 1356 858 M.
1378 793 1443 860 Po-

380 895 459 992 pilio
474 898 627 983 Laeuate,
645 897 707 966 Cu.
727 893 911 990 Calpurnio
930 897 1022 966 Coss.
1045 893 1152 964 edicto
1175 893 1368 966 Chaldaeos²
1391 899 1443 964 in·
1472 945 1475 948 -

380 1018 432 1072 tra
443 1002 606 1070 decimum
616 999 703 1070 diem
714 1000 805 1070 abire
818 1025 858 1070 ex
868 1001 961 1072 Urbe
975 1015 1074 1095 atque
1084 1001 1303 1095 Italiajussit:
1317 1002 1442 1070 levibus

380 1123 414 1178 et
435 1109 552 1202 ineptis
572 1109 727 1202 ingeniis,
750 1105 858 1180 fallaci
877 1108 1020 1178 siderum
1040 1109 1329 1203 interpretatione,
1351 1135 1442 1203 qure-

381 1227 526 1284 stuosam
549 1213 727 1282 mendaciis
746 1215 812 1282 suis
831 1212 1003 1308 caliginem
1031 1215 1221 1306 injicientes.
1246 1214 1361 1299 Idem,
1386 1217 1441 1310 qui

380 1305 527 1391 Sabazii³
543 1320 633 1388 Jovis
652 1318 743 1388 cultu
765 1317 916 1388 simulato
935 1345 1043 1388 mores
1062 1344 1217 1390 romanos
1235 1321 1368 1390 inlicere
1387 1347 1442 1390 co-

381 1429 449 1496 nati
470 1439 563 1511 sunt,
582 1424 698 1494 domos
720 1449 796 1494 suas
818 1439 965 1519 repetere
985 1427 1103 1521 coegit.

355 1529 358 1538 ¹
436 1530 470 1602 3.
491 1534 529 1600 L.
552 1529 698 1599 AEmilius
713 1528 846 1599 Paullus
864 1530 996 1614 consul,
1011 1556 1114 1624 quum
1136 1546 1272 1602 senatus
1289 1521 1443 1602 lsidjslet

380 1639 509 1732 Serapis
531 1636 607 1705 fana
633 1635 793 1704 diruenda
819 1637 1016 1720 censuisset,
1040 1661 1143 1732 eaque
1167 1663 1265 1707 uerno
1287 1637 1441 1734 opificum

380 1746 540 1836 attingere
557 1741 710 1829 auderet,
727 1743 835 1838 posita
852 1757 1010 1838 praetenta
1032 1745 1171 1814 securim
1191 1746 1347 1840 arripuit,
1367 1759 1443 1816 tem·

380 1849 489 1944 plique
507 1850 577 1943 ejus
593 1849 719 1918 foribus
738 1849 864 1917 inflixit

379 2031 447 2105 pisse
466 2029 613 2096 dicuntur,
632 2027 788 2084 —deinde
811 2029 889 2098 mel,
932 2049 992 2084 rum
1015 2032 1088 2084 cultu
1117 2051 1147 2084 ea
1175 2043 1304 2096 tantum,
1333 2033 1379 2104 qni
1404 2035 1442 2086 rei

380 2109 452 2185 quod
466 2131 497 2164 ex
514 2113 572 2164 olea
591 2109 683 2176 fluxit,
700 2141 740 2154 -
756 2111 889 2182 aruspices
932 2129 1049 2164 roman·
1061 2124 1206 2182 preerant,
1216 2112 1348 2184 precipue
1362 2112 1443 2166 adsci-

381 2191 526 2254 diaeraant,
549 2209 649 2244 summa
678 2189 816 2244 nobilitate
842 2191 889 2258 bas
932 2203 1049 2254 verunt,
1064 2209 1122 2262 qum
1145 2191 1261 2246 lacerent
1282 2191 1315 2248 ad
1336 2193 1438 2264 plebem

381 2283 464 2324 sortes
478 2269 594 2334 futuras,
610 2287 754 2340 eorumque
771 2271 845 2342 jussu
857 2289 889 2326 ea
934 2269 1036 2324 facilius
1045 2269 1258 2326 flectendam-
1267 2274 1316 2326 An.
1326 2273 1362 2326 U.
1374 2277 1437 2336 614.

381 2351 438 2402 olea
453 2350 501 2401 ista
516 2349 888 2420 arcaestiacta,eaquecon-
979 2351 1004 2404 3.
1033 2349 1141 2404 Sabaeis.
1172 2351 1277 2404 Nomen
1300 2371 1439 2404 commane

381 2427 443 2481 dise
457 2441 548 2481 sortes.
562 2428 784 2500 Disposuerateas
801 2429 828 2480 iu
844 2448 889 2482 es·
931 2429 1005 2482 Iovis
1018 2441 1045 2482 et
1060 2429 1167 2488 Bacchi.
1184 2429 1287 2502 dequo
1306 2451 1361 2484 nou
1374 2451 1437 2486 sun·

380 2519 497 2564 caratam
509 2507 807 2572 columnaminaentor,
817 2507 889 2560 unde
932 2521 996 2572 stat,
1011 2527 1077 2562 num
1091 2510 1213 2563 rectiora
1228 2507 1343 2572 asssdtan
1359 2531 1381 2566 s.
1398 2532 1438 2564 sa·

380 2587 521 2662 qrmtannis
531 2587 591 2640 IIal.
603 2589 658 2658 jau.
673 2605 766 2658 magua
781 2587 890 2640 celebri·
932 2585 1029 2650 Gsltau.
1045 2601 1089 2641 aut
1105 2607 1120 2641 a
1138 2589 1251 2643 Sabaoth
1274 2589 1439 2652 deducaturs

380 2681 433 2724 tate
446 2679 591 2738 exemptas,
605 2685 705 2738 eaque,
721 2685 773 2738 qua
788 2665 889 2720 educte
931 2699 971 2712 -
983 2669 1084 2720 cultum
1096 2687 1112 2720 a
1123 2671 1237 2740 posteris
1249 2683 1385 2742 receptum
1397 2669 1441 2722 de·

381 2749 646 2818 erant,seriejaanctsr
653 2748 888 2818 integraresponsa
931 2747 1032 2800 claraut
1045 2748 1240 2821 inscriptiones.
1260 2781 1300 2792 -
1313 2751 1437 2803 simlero.

332 2867 335 2874 ι
381 2828 640 2899 absolvebant,un
656 2827 756 2880 oraculi
771 2827 825 2879 vim
841 2826 888 2878 ba·
931 2826 984 2880 Alii
1003 2826 1113 2889 sublato,
1135 2827 1208 2899 quod
1235 2829 1323 2882 minas
1344 2829 1437 2901 placet.

379 2910 443 2964 bere
458 2905 558 2962 credita
573 2920 642 2962 sunt.
662 2905 705 2961 Sic
724 2907 841 2972 Peueer,
854 2905 889 2960 de
972 2913 1000 2970 4.
1020 2907 1100 2960 Iside.
1118 2907 1194 2970 laidi,
1213 2908 1342 2962 licetsine
1356 2907 1439 2961 dnbio

379 2989 489 3044 divinat.
931 2985 1010 3039 Ceres
1024 2986 1059 3039 ait
1071 3024 1079 3052 ,
1093 2989 1143 3040 sub
1156 2999 1271 3059 utroque
1287 3001 1375 3041 tamen
1390 3007 1440 3040 uo·

423 3087 449 3122 r.
469 3069 567 3120 Patrs's's.
587 3065 663 3137 I'igb.
681 3079 710 3119 et
723 3066 809 3120 Colar.
830 3083 890 3137 per-
930 3065 1358 3136 raiueIongedirersuscultusest
1369 3069 1440 3121 insti·

379 3166 469 3224 peram
482 3149 569 3216 patrm
584 3146 705 3216 Auspicia
720 3150 815 3216 patria,
829 3145 847 3198 i.
864 3165 886 3198 e.
931 3144 1079 3199 tntnaVid.
1088 3146 1267 3210 Herodotum,
1277 3146 1440 3212 Diodorum,

381 3249 435 3304 quse
445 3228 528 3280 Rosam
542 3219 605 3276 iant.
618 3255 659 3270 -
670 3227 720 3278 An.
736 3226 771 3278 U.
788 3225 854 3279 51¹.
931 3239 956 3278 et
963 3225 1276 3280 Plutarchum—Varro
1286 3227 1439 3299 Serapidem

425 3327 451 3362 a.
466 3304 601 3360 ctatdaos.
615 3301 731 3356 Chaldaei
740 3302 889 3376 iidem‚qui
931 3317 956 3356 et
975 3304 1074 3356 Isidem
1091 3306 1170 3359 babet
1188 3307 1279 3359 caelum
1294 3319 1321 3359 et
1333 3319 1439 3361 terram.

383 3386 506 3456 anologi
517 3397 543 3438 et
555 3383 748 3436 mathematici:
760 3403 821 3436 nam
832 3403 888 3438 uon
931 3381 994 3436 Vid.
1003 3385 1141 3453 Angustia.
1158 3384 1193 3438 de
1205 3387 1263 3440 civ.
1280 3389 1313 3439 D.
1330 3387 1438 3452 XVIII,

383 3481 436 3522 tam
447 3465 544 3538 gentis,
558 3481 637 3536 quam
649 3464 711 3516 artis
724 3481 821 3516 nomen
836 3476 887 3528 est,
934 3463 966 3528 ὅς
982 3463 1092 3516 Tertull.
1110 3466 1178 3535 apol.
1191 3465 1242 3519 VI.
1267 3497 1306 3510 -
1332 3466 1439 3538 Serapis.

383 3547 556 3600 rat-celeberr.
573 3545 660 3615 Kapp.
678 3555 814 3596 monstrat.
822 3541 886 3596 Vid.
930 3540 1046 3606 Quidam
1060 3543 1190 3614 Serapsdts.
1209 3577 1249 3588 —
1269 3547 1393 3597 Praetexta
1409 3547 1438 3599 h.

383 3625 440 3680 Cic.
454 3623 487 3677 de
500 3623 589 3678 Dir.1
606 3635 634 3676 et
651 3623 688 3675 11.
702 3623 814 3676 Berosus
830 3640 887 3674 eam
930 3621 950 3674 l.
966 3622 1163 3692 magistratuum
1179 3637 1238 3695 toga
1252 3626 1358 3690 estscui
1373 3645 1439 3698 pur·

384 3715 482 3770 artem,
492 3704 543 3756 fata
553 3723 585 3756 ex
592 3701 779 3758 commentitiis
787 3701 843 3756 caeli
852 3703 887 3754 si·
930 3719 997 3772 pura
1006 3703 1213 3772 praetexebatur:
1224 3717 1350 3775 preterea
1360 3725 1390 3758 ea
1401 3705 1441 3757 in·

382 3785 441 3858 gnis
456 3780 583 3844 eruendi,
598 3783 699 3854 primas
716 3782 745 3834 in
758 3781 886 3835 Gratiam
930 3779 987 3834 duti
1002 3780 1177 3836 adolescentes
1191 3787 1309 3850 mmaui,
1323 3799 1385 3838 ante
1399 3798 1442 3837 to·

383 3864 503 3918 intulisse
513 3862 608 3927 fertur,
618 3881 677 3933 que
686 3873 776 3933 postea
788 3873 886 3915 tantam
930 3879 989 3933 garn
1002 3863 1105 3915 virilem
1118 3875 1258 3935 sumptam.
1268 3896 1308 3907 -
1317 3868 1439 3935 Am'pm'r.

386 3941 593 4016 inipsaegregia
606 3941 707 4012 ingenia
722 3939 891 4014 tyrannidem
934 3941 977 3994 Sic
995 3945 1225 4014 quoqueDiouys.
1254 3943 1324 4014 apud
1342 3945 1441 3996 AEIiau.

388 4017 589 4078 exercuitvide
600 4020 690 4074 Picum
701 4019 817 4076 Mirand.
830 4039 892 4074 con·
934 4023 1094 4090 var.hist.1,
1106 4043 1147 4077 so.
1157 4023 1190 4075 Et
1202 4025 1288 4076 Caesar
1299 4025 1368 4078 sores
1379 4043 1442 4077 aera·

389 4115 429 4160 tra
445 4099 619 4173 analogiam.
633 4101 656 4152 E
674 4101 814 4174 peregrino
828 4099 892 4154 deo·
935 4101 969 4153 rii
982 4119 1070 4155 coram
1083 4121 1110 4156 se
1125 4101 1241 4157 exscindi
1250 4105 1334 4174 jussit.
