3196 5122
325 525 430 594 CAP.
459 525 495 609 I,
518 523 587 592 DE
615 523 1024 596 MODERATIONE.
1136 529 1210 626 269

145 657 239 727 vultu
254 671 287 727 et
300 681 383 726 voce
395 654 550 741 confusa,
567 655 810 742 «Concurrite,
822 658 1027 742 concurrite,
1037 658 1159 752 inquit,
1170 664 1211 731 ci·

144 789 221 834 ves:
244 765 362 832 moenia
378 763 468 830 urbis
482 775 602 830 nostrae
621 785 735 830 eversa
751 775 838 830 sunt.
855 751 999 857 Scipidni
1017 766 1105 832 enim
1120 766 1211 836 Afri-

143 895 228 940 cano
246 873 331 938 intra
347 893 424 938 suos
438 881 571 963 penates
586 867 764 962 quiescenti
781 867 906 936 nefaria
920 871 970 940 vis
981 868 1069 940 illata
1079 885 1162 940 est.»
1175 877 1208 944 Ο

142 976 381 1072 rempublicam
401 976 524 1070 pariter
538 974 685 1044 Alricani
702 990 810 1044 morte
824 977 993 1062 miseram,
1009 991 1043 1046 et
1057 979 1210 1050 Macedo-

142 1086 208 1153 nici
227 1099 293 1152 tam
313 1084 457 1152 humana
478 1095 611 1175 tamque
631 1080 720 1150 civili
741 1080 974 1154 lamentatione
992 1081 1132 1153 felicem!
1157 1111 1209 1156 eo-

141 1190 218 1258 dem
238 1192 325 1258 enim
345 1204 511 1283 tempore,
536 1201 569 1256 et
587 1203 747 1282 quantum
770 1191 929 1258 amisisset
952 1189 1151 1284 principem,
1173 1207 1208 1263 et

141 1296 273 1390 qualem
294 1295 447 1382 haberet,
466 1295 669 1389 recognovit.
688 1294 781 1364 Idem
800 1295 883 1364 filios
896 1293 988 1366 suos'
1005 1300 1151 1386 monuit,
1169 1314 1207 1369 ut

142 1402 272 1472 funebri
294 1403 364 1495 ejus
385 1401 471 1472 lecto
490 1402 646 1470 humeros
669 1401 882 1493 subjicerent,
903 1416 1002 1496 atque
1024 1401 1101 1472 huic
1120 1429 1207 1476 exse·

141 1511 309 1602 quiarum,
325 1503 417 1578 illurn
428 1507 592 1577 honorem
608 1507 698 1574 vocis
715 1505 847 1599 adjecit,
864 1507 1053 1598 Nonfore,
1072 1525 1208 1606 etpost·

140 1640 186 1683 ea
203 1615 242 1684 id
259 1616 414 1716 officium
434 1614 481 1682 ab
498 1615 567 1682 1'llr's
582 1617 657 1681 viro
674 1613 801 1706 majori
807 1620 977 1710 prenotari
986 1631 1117 1710 posset.
1139 1618 1207 1688 Ubi

139 1720 196 1790 illa
215 1736 266 1791 tot
286 1723 320 1789 in
338 1721 429 1788 curia
442 1717 570 1814 jurgia?
591 1718 731 1788 ubitam
748 1719 858 1790 multae
880 1747 941 1816 pro
966 1725 1081 1792 rostris
1107 1721 1205 1794 alter·

140 1825 309 1898 cationes?
324 1827 380 1896 ubi
397 1828 616 1894 maximorum
630 1825 753 1894 ducum
767 1840 801 1894 et
815 1829 936 1896 civium
954 1827 1140 1897 tantorum²
1156 1845 1205 1900 to·

141 1947 220 2027 gata
239 1931 368 2027 praelia?
392 1934 514 2000 Omnia
541 1933 696 2002 nimirum
719 1934 780 2002 ista
801 1935 966 2030 praecipua
992 1937 1205 2006 veneratione

141 2039 372 2133 prosequenda
393 2037 514 2108 delevit
533 2038 724 2108 moderatio.

203 2143 258 2214 13.
271 2145 464 2216 Numidicus
475 2159 585 2215 autern
598 2130 767 2216 Metellus³
782 2144 934 2242 populari
945 2146 1086 2218 factione
1099 2151 1206 2244 patria
1266 2187 1271 2196 ·

140 2249 272 2344 pulsus,
287 2254 322 2320 in
336 2253 446 2322 Asiam
464 2253 605 2322 secessit.
614 2255 655 2322 In
670 2275 734 2346 qua
748 2277 849 2347 quum
865 2255 895 2322 ei
909 2253 994 2345 forte
1009 2253 1204 2326 ludosTral·

138 2345 246 2426 tibus⁴
272 2362 432 2452 spectanti
458 2359 560 2430 literae
586 2358 721 2428 reddite
748 2373 873 2446 essent,
898 2360 1018 2454 quibus
1042 2363 1203 2458 scripturn

138 2477 228 2550 erat,
249 2467 393 2535 maximo
412 2481 543 2534 senatus
565 2479 598 2534 et
620 2463 918 2560 populiconsensu
941 2466 1083 2536 reditum
1104 2467 1149 2537 illi
1169 2471 1203 2538 in

138 2569 255 2640 urbern
275 2571 409 2660 datum,
427 2597 494 2641 non
513 2573 676 2641 etheatro
695 2573 786 2666 prius
803 2573 899 2660 abiit,
919 2598 1017 2666 quarn
1036 2589 1203 2670 spectacu-

137 2674 209 2744 lum
227 2677 400 2748 ederetur:
419 2704 487 2747 non
502 2677 646 2748 laetitiam
662 2703 753 2747 suam
767 2681 917 2774 proxime
932 2679 1119 2751 sedentibus
1134 2681 1202 2750 ulla

138 2808 179 2851 ex
201 2800 294 2877 parte
313 2785 484 2880 patefecit3
505 2785 563 2854 sed
583 2810 748 2854 summum
767 2786 923 2880 gaudium
942 2790 1026 2854 intra
1044 2811 1078 2855 se
1094 2791 1199 2856 conti·

138 2892 223 2958 nuit.
244 2892 406 2962 Eumdem
430 2905 560 2961 constat
586 2893 657 2985 pari
678 2889 788 2978 vultu,
810 2906 844 2959 et
862 2889 1007 2960 exsulem
1029 2891 1147 2980 fuisse,
1169 2907 1203 2964 et

137 2999 337 3066 restitutum.
361 2998 453 3067 Adeo
474 2997 709 3066 moderationis
727 2997 906 3082 beneficio,
924 2996 1051 3064 medius
1073 3022 1203 3092 semper

138 3103 226 3170 inter
243 3103 403 3172 secundas
416 3118 448 3172 et
461 3104 616 3172 adversas
632 3129 684 3172 res
699 3104 799 3170 animi
814 3101 969 3171 firmitate
982 3117 1130 3172 versatus
1142 3119 1200 3174 est.

199 3212 254 3293 14.
269 3211 334 3278 Tot
351 3209 480 3280 familiis
498 3213 532 3279 in
548 3236 616 3280 uno
633 3233 753 3304 genere
772 3207 876 3278 laudis
893 3210 1106 3298 enumeratis,
1122 3213 1202 3280 Por·

137 3423 224 3471 nere,
250 3403 396 3460 dubitatur.
418 3407 500 3471 Sunt,
521 3409 567 3478 qui
593 3411 648 3479 ejus
735 3429 759 3462 s.
790 3409 930 3462 Tantorum.
949 3411 1001 3463 Alii
1021 3421 1112 3462 tautum
1135 3429 1200 3477 uos,

137 3504 255 3539 uxorem
273 3485 454 3558 Sempronium
477 3487 503 3539 iu
527 3489 650 3558 suspicio·
692 3487 765 3560 quod
786 3489 894 3560 Lipsio,
917 3490 1014 3543 Colero
1041 3503 1067 3542 et
1091 3490 1200 3544 Vorstio

136 3585 201 3620 nem
212 3577 315 3618 vocent.
328 3565 388 3618 llasc
397 3568 467 3618 enim
476 3565 525 3618 luit
534 3568 646 3621 sororC.
691 3569 785 3638 placet.

138 3645 265 3700 Gracchi.
286 3645 320 3698 Et
342 3646 445 3716 Scipio,
466 3665 547 3716 quum
568 3647 648 3699 inter·
733 3649 759 3701 3.
780 3648 901 3700 Metellus.
921 3647 972 3699 An.
996 3647 1030 3700 U.
1054 3649 1121 3713 654.
1138 3651 1197 3704 tir.

137 3737 291 3798 rogaretur,
305 3723 370 3797 quid
386 3722 419 3777 de
437 3725 548 3778 Gracchi
563 3741 648 3779 morte
690 3727 796 3793 LXIX,
811 3728 899 3780 burel.
912 3726 982 3780 vtes.
1000 3731 1047 3781 62.

137 3805 272 3858 sentiret?
291 3803 429 3877 respondit
449 3823 456 3858 ε
473 3808 532 3877 jure
554 3823 647 3860 caesum
732 3814 758 3870 4.
784 3807 914 3858 Trallibus.
928 3807 1030 3860 Tralles
1047 3810 1113 3862 Asin
1133 3810 1199 3862 civi-
1286 3859 1290 3866 ,

137 3884 647 3940 viderihliiCarboneminrerlectorem
691 3899 743 3952 tss,
759 3885 792 3939 sd
806 3884 969 3939 Menandrum
985 3887 1094 3941 flumen.
1108 3891 1148 3942 De
1161 3889 1200 3942 lu·

137 3966 324 4036 suspicantur,
346 3968 390 4019 cui
416 3964 567 4018 adversatus
594 3981 649 4020 erat
691 3966 787 4018 dorum
803 3967 860 4018 loco
873 3967 1014 4038 scriptores
1030 3965 1197 4024 dissentiunt.

139 4043 230 4116 Scipio
253 4045 281 4098 in
304 4047 371 4118 agris
392 4043 555 4100 dividendis.
578 4045 649 4100 vide
691 4047 782 4098 Livius
803 4047 874 4097 enim
894 4045 999 4110 Rhodi,
1016 4049 1136 4102 Aurelius
1151 4051 1198 4102 Vi·

139 4123 209 4177 Pliu.
219 4125 287 4189 Vll,
303 4132 348 4190 44.
691 4138 749 4179 ctor
765 4137 851 4178 autern
867 4125 985 4199 Smyrna
1000 4128 1138 4183 Metellum
1153 4149 1198 4184 a·

184 4222 209 4260 1.
220 4203 307 4259 Filios.
322 4207 397 4274 Quos
416 4205 510 4262 babuit
525 4219 647 4278 quatuor.
690 4208 787 4262 sulasse
799 4204 898 4279 prodit.
