3218 5128
446 553 553 620 CAP.
583 553 680 634 vll,
714 553 782 620 DE
819 553 1057 620 SOMNIIS.
1235 555 1285 650 69

212 689 405 780 Syracusas,
422 685 509 754 inter
529 685 693 756 somnium
714 683 885 754 exaudisse
907 709 1025 754 vocem
1044 684 1183 754 credidit
1201 711 1285 756 nun-

213 795 372 881 tiantem,
400 791 572 879 futurum,
596 805 634 860 ut
656 792 808 886 proximo
830 791 882 860 die
907 793 942 861 in
965 815 1005 861 ea
1028 792 1112 860 urbe
1133 809 1284 863 caenaret

213 901 327 970 Laetus
340 901 458 994 igitur,
470 897 607 994 perinde
626 921 665 968 ac
680 897 836 966 divinitas
851 899 1013 993 promissa
1028 899 1181 984 victoria,
1193 925 1285 970 exer·

212 1008 319 1074 citum
336 1031 455 1101 pugnae
472 1003 687 1100 comparabat
703 1031 710 1072 :
729 1006 762 1073 in
777 1029 844 1099 quo
860 1005 946 1074 inter
959 1003 1103 1076 Siculos?
1119 1021 1153 1075 et
1166 1007 1286 1078 Poenos

211 1127 288 1182 orta
307 1111 524 1199 dissensione,
540 1111 656 1180 castris
674 1110 745 1204 ejus
763 1113 959 1206 Syracusani
978 1113 1085 1182 subita
1102 1115 1287 1208 irruptione

212 1220 396 1314 oppressis,
414 1220 522 1312 ipsum
540 1219 627 1286 intra
648 1219 771 1286 moenia
792 1242 852 1286 sua
874 1219 1022 1288 vinctum
1042 1233 1285 1313 pertraxerunt.

213 1325 330 1420 Itaque
351 1325 456 1420 magis
478 1349 554 1419 spe,
574 1348 675 1418 quam
696 1326 844 1412 somnio,
866 1323 1043 1420 deceptus,
1063 1327 1203 1406 caenavit
1222 1329 1285 1422 sy-

212 1433 338 1502 racusis
354 1433 521 1526 captivus,
540 1456 627 1520 raon,
646 1446 684 1500 ut
702 1433 813 1500 animo
828 1447 1100 1526 presumpserat,
1121 1434 1229 1502 victor
1237 1431 1257 1502 ².

266 1561 301 1632 9.
325 1523 530 1608 Alcibiades³
552 1562 685 1633 quoque
698 1536 917 1608 miserabilem
937 1540 1062 1608 exitum
1079 1563 1177 1608 suum
1196 1540 1286 1609 haud

212 1641 321 1714 fallaci
343 1660 509 1716 nocturna
526 1647 670 1740 imagine
688 1643 876 1740 speculatus
897 1659 955 1714 est.
979 1646 1058 1734 Quo
1079 1647 1167 1714 enim
1185 1645 1286 1740 pallio

210 1752 326 1820 amice
347 1776 414 1822 suae
431 1751 599 1821 dormiens
611 1766 774 1850 ¹opertum
790 1776 825 1820 se
843 1751 989 1836 viderat,
1007 1777 1048 1823 eo
1070 1751 1285 1840 interfectus,

212 1871 247 1924 et
262 1856 444 1951 insepultus
463 1857 595 1948 jacens,
610 1871 784 1926 contectus
802 1870 860 1926 est.

274 1987 329 2032 ro.
345 1963 537 2031 Proximum
557 1949 753 2049 somnium⁴,
773 1965 835 2032 etsi
853 1961 964 2057 paullo
983 1977 1033 2032 est
1048 1960 1191 2057 longius,
1207 1988 1284 2057 pro-

213 2080 289 2161 pter
301 2069 434 2135 nimiam
446 2081 559 2136 tamen
571 2069 769 2138 evidentiam
784 2093 828 2136 ne
841 2071 1014 2154 omittatur
1024 2070 1189 2162 impetrat.
1206 2071 1284 2139 Duo

214 2171 392 2243 familiares
406 2173 551 2244 Arcades
564 2175 627 2242 iter
635 2199 701 2242 una
710 2174 885 2260 facientes,
898 2177 1069 2269 Megaram
1081 2160 1092 2198 ⁵
1103 2191 1283 2246 venerunt:

209 2305 362 2374 quorum·
377 2279 462 2350 alter
479 2279 520 2349 ad
539 2281 703 2375 hospitem
723 2305 757 2350 se
775 2279 934 2366 contulit,
957 2279 1040 2350 alter
1058 2283 1091 2350 in
1110 2281 1281 2352 tabernam

209 2371 438 2456 meritoriam⁶
452 2386 603 2455 devertit.
616 2388 665 2474 Is,
679 2388 781 2480 quiin
795 2387 939 2482 hospitio
950 2401 1038 2474 erat,
1054 2386 1135 2455 vidit
1146 2389 1179 2456 in
1195 2413 1282 2458 som·

209 2599 264 2652 lem
276 2617 353 2652 suum
361 2599 438 2671 Tyrii
446 2599 590 2670 Μιλκάρτον
602 2597 724 2650 nomina·
768 2599 941 2670 rum,quales
953 2611 1040 2652 tamen
1054 2596 1205 2654 adsalutem
1219 2617 1280 2670 gen·

212 2691 291 2746 runt,
304 2697 351 2734 seu
363 2679 533 2744 Melicerten,
541 2676 614 2749 quod
627 2695 725 2730 nomen
769 2677 836 2730 tium
845 2689 1022 2730 rarotantum
1031 2678 1282 2748 gignitnatura,rel

211 2760 390 2830 compositum
406 2757 513 2812 videtur
532 2777 565 2810 ex
584 2757 679 2810 Malaca
699 2769 726 2810 et
768 2759 845 2828 pueri
862 2770 962 2810 norunt
979 2776 994 2810 e
1011 2757 1114 2828 Nepote
1133 2777 1190 2811 suo.
1207 2757 1282 2811 Som-

214 2838 277 2900 Art‚
292 2837 442 2892 honorifico
459 2856 508 2910 per
523 2837 662 2890 Orientem
676 2855 725 2890 no·
768 2838 843 2890 nium
853 2836 933 2889 habet
944 2834 1220 2907 Cic.deDir.11,69.

214 2918 293 2972 minis
305 2916 499 2983 additamento,
509 2937 532 2970 e.
543 2935 569 2989 g.
581 2916 609 2970 in
617 2916 726 2970 nomine
810 2921 836 2980 4.
853 2917 992 2968 Proximum
1007 2921 1129 2969 somnium
1138 2915 1202 2968 Vid.
1222 2918 1279 2972 Cic.

214 2998 383 3062 Artaxerxes,
401 2997 595 3069 Artaphernes,
614 2995 725 3048 Artaba·
769 2993 803 3048 de
814 2995 903 3048 Diria.
918 2997 948 3060 1,
964 3015 999 3066 ²7
1010 2996 1072 3068 ,qui
1081 3015 1113 3050 ex
1127 2997 1279 3070 Chrysippo

214 3095 265 3130 nus
274 3077 580 3139 eto-Intersomnr'um,
595 3075 613 3129 i.
626 3073 725 3128 edum
768 3075 884 3130 hausisse
902 3073 1025 3130 traditur.

212 3159 335 3212 somniat.
350 3157 453 3210 Dicitur
461 3169 492 3208 ut
502 3175 583 3228 supra
591 3159 654 3207 inter·
663 3159 727 3230 qule-
811 3155 838 3210 5.
852 3155 987 3226 Megaram.
1000 3155 1059 3210 Hoc
1072 3158 1180 3210 nomine
1190 3159 1281 3230 plures

215 3247 261 3287 tem
270 3255 320 3308 pro
329 3241 354 3288 irs
364 3255 455 3298 somno,
470 3239 494 3288 in
505 3241 593 3309 quista,
605 3255 646 3308 per
662 3240 726 3308 quie·
769 3235 908 3289 innotuere
917 3238 1010 3298 urbes,
1022 3237 1170 3308 praecipue:
1182 3256 1234 3290 uns
1245 3237 1280 3290 ad

215 3327 270 3366 tem.
283 3316 415 3368 Nimirum
425 3320 489 3368 irater
497 3335 565 3387 sape
575 3329 614 3370 est
626 3335 677 3388 pro
689 3319 723 3368 in.
768 3317 856 3368 ιίιιιιω
868 3316 1036 3383 Saronicum,
1049 3329 1115 3370 teste
1124 3317 1211 3368 Plinio
1220 3356 1228 3382 ,
1238 3337 1280 3370 co-

214 3395 256 3448 Ita
270 3397 428 3446 internectere
440 3393 533 3450 dicunt
542 3415 593 3468 pro
604 3402 631 3449 in
643 3407 725 3459 nocte,
767 3395 852 3460 lonia;
862 3397 943 3450 altera
949 3397 1136 3468 Peloponnesi,
1147 3415 1226 3468 quam
1235 3398 1278 3452 bic

212 3475 724 3547 noctuarimerdtmprondtenwutu.
767 3474 906 3528 Valerium
928 3477 1066 3528 nominare
1087 3476 1222 3528 nonnullis
1238 3479 1278 3530 vi·

258 3573 283 3608 1.
298 3553 400 3608 Siculos.
412 3553 475 3608 lllos
485 3555 579 3608 Siculos
589 3555 725 3627 intelligit,
767 3551 853 3608 detur.

212 3637 259 3708 qui
283 3653 345 3688 cum
370 3634 629 3706 Carthaginiensibus
652 3636 725 3690 socia
809 3639 836 3689 6.
848 3635 982 3688 Tabernum
990 3635 1278 3706 meritoriamNonnplli

212 3733 287 3769 arma
299 3717 499 3788 conjunxerant.
767 3713 846 3769 codd.
854 3715 953 3768 habent
964 3719 1137 3778 memororum
1145 3717 1277 3780 alihermo-

254 3815 279 3849 a.
299 3796 385 3868 Itaque
400 3798 517 3864 nqis...
536 3797 624 3849 victor.
645 3795 723 3849 Conl.
767 3799 837 3848 riam.
851 3793 903 3847 Sed
916 3806 1021 3866 praestat
1036 3799 1178 3847 meritoriam
1190 3797 1277 3848 taber-

212 3875 268 3929 Cic.
286 3873 320 3928 de
333 3875 423 3928 Dirin.
439 3875 468 3936 Ι,
486 3881 530 3938 ad.
767 3895 829 3927 nam
839 3913 847 3940 ,
858 3893 916 3946 que
930 3887 969 3926 est
979 3873 1035 3946 ipsa
1044 3893 1162 3946 caupona
1171 3914 1179 3942 ,
1188 3875 1277 3947 quod,

254 3956 279 4010 3.
288 3955 437 4010 Alcibr'ades.
448 3955 531 4020 Eum,
540 3954 609 4008 bene
618 3953 725 4026 cupien·
767 3955 815 4026 qui
827 3973 884 4006 eam
900 3953 1006 4018 incolit,
1021 3973 1106 4025 caupo
1121 3955 1217 4008 mereri
1230 3973 1278 4008 cu·

212 4049 265 4088 tem
279 4055 328 4091 suo
343 4033 492 4090 dominatui
505 4032 629 4108 quidem,
642 4032 724 4088 sedet
767 4034 815 4104 pit.
830 4033 863 4085 Et
872 4053 903 4086 ex
911 4032 963 4086 boc
970 4034 1275 4106 est,curantiquistem-

212 4115 336 4186 Athenis,
352 4135 382 4170 ac
404 4117 505 4188 optime
523 4128 670 4170 merentem
690 4113 724 4168 de
767 4113 878 4186 poribus
895 4126 984 4166 nostra
1001 4115 1078 4185 longe
1101 4114 1277 4186 proferamus

209 4193 310 4264 increta
331 4197 436 4268 patria,
456 4195 542 4250 divini
565 4195 664 4267 ingenii
683 4195 724 4248 vi·
766 4193 1277 4267 Tunclongeperegrinantibnsnonubi·

1063 4286 1105 4369 52
