3168 5124
386 491 462 578 aaa
578 484 800 556 vitnau
829 481 1042 550 uaxran
1070 481 1168 548 aas.
1197 474 1268 549 vr:

385 648 463 692 cum
483 619 715 690 observatione
733 628 887 684 versatur
903 639 910 681 :
929 627 964 682 et
982 613 1040 680 ubi
1061 610 1227 681 studium'
1249 614 1459 684 verecundia·

385 744 454 816 est,
469 742 503 798 et
517 724 681 822 cupiditas
698 723 817 792 rationi
831 719 939 807 cedit,
953 717 1101 814 nihilque
1118 717 1219 807 utile,
1233 719 1321 814 quod
1337 745 1458 814 parum

386 837 565 905 honestum
578 831 685 900 videri
699 829 821 925 possit,
832 826 980 915 ducitur3
991 827 1062 920 ejus
1077 839 1188 895 autem
1208 827 1412 921 praecipuum
1425 843 1461 895 et

385 942 607 1011 certissimum
617 939 825 1006 interomnes
833 931 1389 1030 gentesnostracivitasexemplum
1399 949 1459 1002 est.

449 1091 478 1137 r.
498 1061 641 1136 Camillo
659 1057 816 1132 consule²
838 1056 983 1128 Falerios
1000 1057 1280 1146 circumsedente,
1302 1061 1462 1153 magister

389 1173 458 1244 ludi
474 1171 634 1268 plurimos
649 1183 683 1238 et
697 1165 916 1236 nobilissimos
934 1164 1011 1234 inde
1027 1189 1166 1260 pueros,
1180 1162 1273 1234 velut
1287 1165 1461 1233 ambulan-

390 1281 423 1350 di
441 1280 547 1375 gratia
568 1275 746 1363 deductos,
763 1275 798 1342 in
820 1287 928 1342 castra
945 1275 1176 1342 Romanorum
1192 1271 1368 1368 perduxit;
1385 1274 1461 1366 qui-

390 1388 453 1456 bus
466 1385 673 1478 interceptis,
685 1407 753 1452 non
765 1395 837 1451 erat
848 1379 988 1448 dubium
999 1381 1080 1473 quin
1092 1377 1208 1448 Falisci
1220 1379 1373 1474 deposita
1386 1378 1461 1447 belli

390 1493 525 1589 gerendi
538 1491 732 1586 pertinacia,
741 1487 894 1557 tradituri
903 1511 937 1556 se
950 1501 1066 1556 nostro
1079 1487 1273 1581 imperatori
1282 1500 1404 1556 essent
1414 1489 1460 1554 Ea

392 1585 440 1668 re³
452 1614 585 1668 senatus
595 1597 735 1683 censuit,
744 1611 783 1664 ut
783 1600 889 1690 pueri
896 1599 1048 1664 vriacncm
1058 1597 1260 1688 magistrum
1275 1599 1388 1689 augis
1402 1617 1462 1662 cce

390 1707 555 1776 danteseia
564 1707 721 1801 patriam
735 1706 990 1772 renuiterentur.
1003 1699 1215 1794 Quajustitia
1227 1701 1333 1769 animi
1347 1725 1461 1770 eorum

392 1827 468 1883 sunt
490 1814 596 1908 capti,
612 1833 756 1904 quorum
775 1809 897 1878 moenia
911 1809 1093 1902 expugnari
1105 1832 1173 1876 non
1187 1821 1364 1901 poterant3
1377 1831 1463 1876 nam·

391 1945 457 2014 que
467 1917 602 2004 Falisci,
615 1915 778 1986 beneficio
796 1916 901 2009 magis
914 1939 1016 2008 quam
1030 1915 1130 1983 armis
1144 1915 1244 2002 victi,
1262 1929 1381 2010 portas
1403 1916 1463 1983 Ro

393 2027 499 2095 manis
524 2037 734 2120 aperuerunt.
762 2021 889 2090 Eadem
911 2022 1027 2090 civitas
1052 2019 1224 2116 aliquoties
1246 2019 1461 2104 rebellando,

395 2157 590 2228 semperque
600 2130 746 2200 adversis
762 2143 901 2199 contusa
910 2125 1041 2222 praeliis,
1053 2127 1187 2196 tandem
1199 2153 1234 2196 se
1248 2127 1292 2216 Q.
1310 2117 1463 2198 Lutatio*

394 2237 521 2308 consuli
538 2238 658 2306 dedere
677 2250 791 2306 coacta
810 2249 877 2304 est:
895 2233 1052 2304 adversus
1072 2259 1170 2329 quam
1195 2237 1312 2302 saevire
1328 2237 1463 2330 cupiens

393 2344 537 2440 populus
549 2367 717 2432 romanus,
727 2357 901 2438 postquam
911 2327 1319 2436 aPapirio⁵,cujusmanu,
1327 2342 1464 2435 jubente

394 2559 611 2600 annumerurunt.
632 2543 696 2598 Vid.
720 2545 811 2597 Garvii
831 2563 904 2598 com·
949 2577 989 2588 -
1004 2545 1122 2600 Falerios.
1140 2545 1176 2599 Hi
1194 2545 1334 2600 immutato
1351 2547 1379 2599 Η
1394 2547 1421 2598 in
1443 2547 1465 2598 F

395 2626 524 2680 menteria
539 2625 567 2678 in
585 2625 669 2678 Cicer.
687 2624 765 2677 Ollio.
780 2623 827 2676 Hae
843 2637 907 2678 sunt
950 2623 1014 2678 dicti
1026 2639 1101 2690 sunt,
1116 2640 1146 2680 ut
1160 2627 1257 2692 febris,
1269 2639 1342 2680 antea
1354 2627 1462 2692 bebris,

394 2707 523 2770 virtutes,
541 2705 638 2777 quibus
653 2705 732 2756 etiam
752 2704 906 2775 reipublicae
950 2705 1078 2771 Formiae,
1097 2706 1235 2770 Hormiae,
1249 2709 1294 2760 dai
1312 2711 1353 2766 τῆς
1371 2709 1458 2776 ὁρμῆς.

395 2788 464 2840 salus
480 2786 641 2839 continetur.
660 2785 764 2850 Quibus
777 2785 906 2856 paulatim
951 2787 1004 2838 Alii
1017 2787 1109 2856 legunt
1126 2787 1277 2850 Plalerrbos,
1288 2786 1393 2838 Faliscos
1406 2805 1455 2838 serr

282 2899 288 2912 ·
394 2863 740 2938 languentibus,etdeinde
753 2865 809 2917 fere
823 2883 908 2918 emor-
951 2863 1154 2931 Piraiiscos,sed
1171 2867 1278 2920 Falerios
1290 2865 1385 2918 reefius
1400 2879 1459 2930 est,

397 2947 464 3011 tuis,
480 2966 523 3000 res
538 2947 616 2999 etiam
632 2963 741 2998 romana
756 2947 865 2998 corruit.
952 2945 987 2998 ita
1003 2946 1074 2999 enim
1087 2946 1270 3018 appellabatur
1280 2947 1356 3010 urbs,
1371 2964 1463 3017 popu-

441 3047 466 3080 r.
487 3025 598 3080 Studium
615 3044 665 3096 pro
679 3025 768 3076 lavore
781 3037 807 3076 et
823 3023 906 3095 gratia
951 3025 1048 3078 livero
1065 3027 1168 3080 Falisci.
1185 3026 1293 3080 Servius
1314 3023 1346 3078 ad
1358 3025 1466 3080 AEneid.

395 3107 448 3160 boc
459 3107 520 3160 loeo
530 3107 645 3176 positum
660 3105 745 3158 Gron.
761 3117 859 3157 censet.
869 3137 903 3146 -
952 3105 1007 3158 VII
1023 3105 1076 3159 illis
1095 3119 1230 3159 auctorem
1244 3105 1372 3159 Halesum
1387 3107 1466 3172 spisse

397 3267 463 3320 titur
473 3265 515 3319 rel
529 3265 686 3318 alterutrum
698 3265 739 3316 vel
756 3275 907 3335 utrumque.
951 3277 1054 3319 mutato
1064 3265 1089 3318 H
1100 3267 1128 3319 in
1138 3267 1175 3327 F,
1185 3267 1252 3318 utin
1265 3265 1406 3320 nonnullis
1420 3287 1466 3319 no-

397 3345 543 3399 Torrenius
553 3342 654 3416 judicat
663 3356 689 3395 et
699 3362 753 3396 non
763 3342 908 3396 admodum
952 3345 1079 3398 minibus.

398 3424 908 3495 desiderari3nontamenspernitciget
995 3425 1021 3478 3.
1042 3426 1084 3477 Ea
1101 3446 1134 3480 ae.
1151 3428 1242 3480 Vorst.
1268 3441 1295 3481 et
1311 3429 1467 3482 Turrense

396 3505 485 3578 quod,
495 3525 545 3576 pro
558 3503 660 3558 duabus
673 3503 715 3556 his
725 3503 851 3568 vocibus,
864 3504 910 3556 ba·
954 3525 979 3556 re
991 3510 1099 3575 cognita,
1118 3507 1227 3578 Pighius
1241 3507 1273 3560 de
1290 3529 1321 3560 ae
1339 3531 1366 3560 n
1378 3523 1468 3562 eontra

399 3589 444 3640 bet
458 3587 529 3638 Ultr.
542 3585 621 3656 prim.
633 3585 721 3656 Kapp.
738 3602 802 3636 vero
814 3597 849 3637 est
859 3596 908 3634 eta
953 3583 1031 3638 codd.
1044 3583 1203 3640 ediderunt:
1216 3587 1318 3642 scilicet
1329 3588 1402 3660 quod
1418 3590 1469 3641 ille

397 3665 686 3738 glossatoribusortum
701 3683 756 3716 esse
768 3662 862 3716 credit.
953 3683 1030 3718 voces
1044 3685 1073 3716 ea
1095 3687 1120 3718 re
1139 3685 1187 3738 per
1208 3685 1235 3720 se
1249 3671 1396 3722 consistere
1415 3688 1470 3721 non

442 3765 468 3800 a.
483 3745 587 3798 Camillo
603 3743 706 3796 consule.
722 3745 773 3796 An.
792 3743 826 3796 U.
842 3745 909 3801 308.
953 3763 1030 3817 posse
1052 3745 1220 3800 videbantur.
1239 3747 1291 3800 Sed
1314 3749 1471 3801 Perizonius

400 3825 463 3878 Vid.
482 3826 575 3878 Frout.
594 3823 645 3888 IV,
666 3829 700 3886 43
718 3823 788 3876 Flor.
806 3825 837 3888 1,
856 3843 908 3888 ²²3
953 3836 1085 3877 monetae
1098 3847 1123 3878 re
1140 3825 1193 3880 dici
1206 3838 1237 3879 ut
1250 3849 1298 3900 qua
1317 3849 1350 3882 re.
1369 3827 1401 3880 Id
1415 3843 1472 3890 est,

398 3905 656 3976 Polyaenum,VllI.
673 3903 796 3956 Testibus
814 3903 908 3970 Livio,
953 3918 1103 3978 propterea.

399 3985 434 4046 V,
447 4005 493 4054 27,
506 3998 532 4038 et
545 3983 679 4036 Plutarch.
690 3983 798 4036 iuVitis.
813 3984 909 4037 Furius
996 3993 1021 4049 4.
1044 3987 1151 4037 Mearm.
1164 3987 1214 4038 An.
1230 3987 1264 4039 U.
1283 3989 1351 4041 512.
1366 3989 1475 4050 Livius,

396 4065 526 4117 Camillus
550 4081 688 4134 nunquam
711 4063 761 4116 suit
791 4083 844 4117 eos.
863 4062 909 4117 sed
955 4067 1370 4138 X1X;Eutrop.ll,16;Oros.
1383 4069 1474 4134 1v‚s.

399 4143 461 4197 trib.
487 4144 601 4196 militum
621 4143 752 4196 consulari
774 4156 909 4216 potestate.
999 4148 1023 4200 5.
1045 4147 1154 4218 Papirio.
1171 4147 1262 4200 Scriba
1279 4149 1405 4202 consulis.
