3218 5128
361 491 468 560 ese.
500 489 571 576 lv,
597 488 665 556 nn
697 485 973 588 susrrcns
1143 480 1186 554 31

491 687 721 778 CAPUT
760 687 842 788 IV.

372 881 421 945 De
435 881 591 970 Auspiciis
607 873 680 968 quse
697 901 801 967 cepere
818 879 965 943 Romani.

143 1043 162 1074 r.
173 1025 249 1073 Attius
263 1021 351 1070 bavius
365 1023 516 1084 bugum-a.
527 1019 580 1066 Tib.
591 1019 722 1075 Gracchus,
734 1019 786 1065 Tib.
797 1019 822 1066 F.
833 1019 889 1066 trib.
902 1020 963 1082 pleb.
974 1047 1006 1056 -
1017 1021 1040 1068 3.
1051 1023 1076 1068 P.
1088 1021 1199 1070 Claudius

166 1103 277 1158 eueher,
287 1112 312 1148 et
322 1103 348 1149 L.
360 1101 443 1148 iunius
455 1099 535 1146 Pullus
547 1099 611 1145 Coss.
622 1123 654 1134 -
662 1105 685 1155 t.
695 1099 721 1146 1..
733 1099 841 1146 Metellus
852 1101 919 1146 Pont.
929 1100 1024 1146 Men-
1033 1099 1054 1148 5.
1063 1101 1097 1148 u.
1109 1101 1199 1148 Tullius

165 1184 255 1242 Cioeso.
268 1207 300 1220 -
309 1181 332 1229 6.
344 1183 379 1230 tt.
389 1183 444 1228 Jun.
456 1182 541 1228 Brutus
553 1193 644 1241 pocus.

365 1315 413 1379 De
439 1314 583 1402 auspiciis
605 1335 677 1402 quoe
702 1335 805 1402 cepere
825 1311 972 1378 Externi.

390 1471 412 1501 r.
427 1452 558 1501 Alexander
569 1453 675 1514 uagum.
685 1477 711 1489 ·-
730 1466 752 1498 a.
766 1452 891 1512 Deiotarus
901 1468 951 1499 rex.

281 1625 334 1680 DE
357 1621 563 1678 Ausrlcus
587 1621 678 1689 QUAE
703 1621 862 1677 cerunt:
887 1621 1060 1678 nouum.

200 1805 229 1850 ι.
253 1781 291 1850 L.
310 1777 508 1872 Tarquinius
522 1800 581 1844 rex
601 1773 776 1844 centuriis¹
800 1775 966 1868 equitum,
982 1799 1064 1871 quas
1077 1779 1203 1850 Romu·

137 1888 190 1958 lus
203 1886 372 1980 auspicato
381 1883 637 1976 conscripserat,
646 1879 725 1948 alias
738 1880 879 1972 adjicere
892 1883 1042 1976 cupiens,
1050 1909 1152 1977 quum
1161 1887 1205 1977 ab

140 1995 236 2064 Attio
255 1991 364 2060 Navio
384 2012 508 2082 augure
530 1985 780 2080 prohiberetur,
801 1985 947 2058 offensus
965 1989 1204 2084 interrogavit,

142 2111 299 2194 possetne
320 2095 407 2182 fieri,
424 2092 514 2187 quod
532 2094 602 2186 ipse
624 2105 735 2160 mente
756 2091 973 2187 conceperat?
996 2093 1116 2164 Posse²
1135 2097 1207 2168 fieri

141 2205 293 2290 dicente,
303 2202 400 2295 jussit
412 2197 574 2268 novacula
593 2211 701 2268 cotem
715 2197 862 2268 discindi.
882 2200 958 2288 Qua
971 2202 1079 2270 Attius
1094 2201 1207 2292 allata,

141 2311 372 2382 administrato
390 2303 572 2375 incredibili
590 2303 695 2394 facto,
712 2303 868 2374 effectum
887 2331 954 2376 suae
977 2297 1205 2401 professionis3

141 2416 248 2488 oculis
269 2416 355 2509 regis
377 2413 523 2506 subjecit.

199 2549 231 2593 n.
251 2521 324 2591 Tib.
348 2519 535 2601 Gracchus,
549 2541 653 2612 quum
671 2515 713 2585 ad
730 2541 783 2586 res
798 2503 922 2588 novas⁴
940 2535 1128 2614 pararetur,
1142 2547 1204 2592 au.

187 2743 216 2776 ι.
230 2719 651 2786 ContrariisQuurumtreserant:
689 2715 776 2787 fiers'sse
788 2729 881 2787 posset,
899 2719 964 2793 qnod
984 2724 1032 2792 ipe
1050 2735 1125 2775 mente
1145 2745 1203 2777 eon-

148 2805 284 2864 Tutienses,
306 2801 475 2861 nicaenenses,
499 2809 526 2850 et
540 2798 652 2854 Liceat,
696 2799 908 2868 ceperat—Cic.
918 2797 951 2852 de
960 2799 1022 2872 Lep.
1033 2801 1073 2865 11,
1091 2821 1139 2868 ra,
1157 2805 1200 2858 13.

145 2878 197 2946 (ab
212 2883 259 2946 iis,
273 2880 319 2954 qui
335 2879 368 2931 ab
379 2876 465 2931 Ardea
477 2895 539 2950 rege
551 2877 654 2929 Lucero
739 2895 764 2929 a.
782 2877 856 2929 Posse
857 2877 924 2948 fieri.
937 2879 1022 2932 Alius:
1034 2882 1086 2942 Eo,
1101 2887 1204 2954 augurio

146 2962 263 3015 Romulo
286 2959 410 3014 adversus
429 2957 536 3010 Tatium
558 2955 655 3008 auxilio
697 2968 779 3027 capto,
786 2975 855 3026 posse
857 2955 1020 3027 fierids'cente.
1031 2958 1073 3013 Sic
1081 2961 1136 3016 iere
1144 2963 1201 3016 Liv.

146 3035 515 3107 venerant,dictss.)-Attio
521 3035 655 3088 NerioDe
699 3035 755 3090 etc.
769 3048 795 3089 et
807 3032 879 3090 Flos.

146 3115 658 3192 eoejusquenovaonlavid.Liv.I,36‚
740 3116 767 3170 3.
789 3117 956 3184 Professicm's.
977 3117 1030 3170 Pro
1048 3119 1203 3190 professionis

146 3201 197 3272 qui
210 3201 291 3252 reiert
304 3217 311 3252 ε
329 3223 339 3246 ι
352 3217 385 3250 ex
400 3215 430 3249 ea
442 3215 473 3249 re
487 3195 603 3265 auguriis
616 3213 656 3247 se·
699 3193 777 3248 codd.
785 3195 899 3250 Torren.
910 3197 1034 3252 exhibent
1042 3201 1203 3270 perfectsbnis.

148 3276 321 3350 cerdotioque
332 3295 460 3347 augurum
470 3287 558 3330 tantus
570 3273 658 3326 honor
699 3306 740 3316 -
761 3275 811 3326 An.
829 3275 864 3329 U.
887 3281 955 3344 140,
971 3277 1083 3334 circiter.
1101 3279 1163 3348 Lis.
1174 3282 1204 3344 1,

150 3357 273 3421 occessit,
300 3369 330 3408 ut
352 3355 419 3409 nihil
444 3355 507 3408 belli
531 3353 657 3426 domique
703 3354 824 3418 36;ctc.
834 3355 933 3421 Liv.1,
950 3357 1081 3428 175Fest.
1096 3359 1124 3410 in
1137 3360 1203 3414 Nar.

148 3447 245 3510 postea
262 3435 313 3488 nisi
335 3435 465 3506 auspicato
485 3446 629 3506 gereretur.
643 3443 654 3464 ·
701 3433 774 3486 Flor.
787 3434 813 3498 1,
829 3437 855 3487 5.

149 3515 282 3569 Variatur
298 3511 441 3566 admodum
455 3515 532 3586 hujus
553 3513 659 3584 auguris
742 3519 768 3577 d.
782 3513 828 3564 Res
841 3534 921 3566 uem
933 3517 1020 3569 Rebus
1033 3517 1108 3570 novis
1123 3517 1204 3592 signi-

149 3591 660 3664 lieetceleberriminomenapudeucto·
701 3591 1206 3668 ficentVeteresformeimperiiimmn-

151 3694 211 3738 ηις
230 3673 277 3728 sed
294 3691 374 3745 quam
388 3669 507 3724 dedimus
519 3673 658 3725 lectionem
703 3672 829 3725 tationem
844 3693 889 3726 sen
903 3675 977 3746 regni
990 3673 1205 3736 adfectationem:

152 3755 234 3809 etiam
244 3753 340 3826 optimi
351 3749 465 3806 editores
474 3751 547 3806 Flori
557 3763 582 3804 et
591 3751 661 3804 Livii
702 3751 730 3806 b.
738 3751 756 3804 l.
768 3752 799 3804 iis
811 3751 952 3806 denotatur
963 3755 1041 3825 preci
1062 3775 1094 3810 ue
1106 3758 1157 3811 lata
1165 3761 1208 3820 len

152 3834 308 3906 proeierunt.
317 3855 358 3869 -
366 3833 488 3884 Possetne.
501 3829 569 3882 Octo
582 3827 660 3883 codd.
703 3832 818 3906 agraria,
826 3851 877 3904 que
884 3776 1061 3904 exigebssturi²
1053 3855 1101 3908 per
1108 3838 1212 3910 aliquot

152 3933 186 3964 en
198 3913 227 3964 id
232 3911 291 3983 fieri
300 3923 382 3984 posset
397 3911 463 3984 quod
475 3912 555 3961 auium
570 3912 661 3978 eogita-
706 3909 967 3984 secula)usquedum
975 3913 1069 3970 Cicero
1075 3917 1114 3970 rei
1127 3911 1212 3972 finem

153 4005 198 4046 ret.
215 3993 312 4046 Nostra
323 3991 401 4045 lectio
411 4003 498 4044 autem
507 3989 589 4060 magis
601 4005 663 4042 con·
707 3991 872 4061 imponeret,
887 4003 918 4044 ut
931 3993 985 4064 agri
999 4013 1013 4046 a
1025 3997 1125 4068 populo
1140 4016 1207 4050 rom.

154 4071 227 4142 gruit
237 4073 324 4125 verbis
332 4071 402 4126 Livii
410 4069 505 4140 :fierine
514 4071 593 4142 pessit
602 4069 667 4140 quod
708 4069 841 4142 requisiti,
856 4070 902 4144 qui
915 4073 969 4126 iere
984 4092 1000 4128 a
1013 4075 1129 4146 patriciis
1142 4095 1209 4148 peu·

157 4169 219 4204 usne
235 4171 281 4222 epo
300 4164 375 4206 mente
393 4153 513 4223 campio,
532 4161 558 4204 et
575 4149 662 4204 Flori:
707 4149 797 4220 cisque
805 4149 1117 4222 monumemtum,
1128 4173 1216 4228 equs«
