3168 5124
252 512 346 580 CAP.
375 511 458 598 VII,
486 512 549 578 DE
576 511 662 578 FlD.
693 513 769 579 ΠΧ.
799 511 923 581 ERGA
951 513 1060 580 MAR.
1131 516 1202 602 461

136 667 178 711 ne
197 642 395 712 domitorem
420 643 510 712 orbis
533 642 747 729 Africanum,
774 641 896 712 femina
918 671 1077 740 magnum
1099 650 1207 720 virum

136 749 366 844 impatientiae'
393 775 487 818 reum
512 765 644 845 ageret3
670 763 866 844 tantumque
891 775 911 818 a
936 752 1082 822 vindicta
1114 782 1207 850 mens

134 857 204 949 ejus
222 857 348 945 abfuit,
370 867 408 925 ut
422 871 498 951 post
518 870 660 924 mortem
678 855 826 925 Africani
844 860 1081 928 manumissam
1103 864 1205 933 ancil-

134 960 201 1032 lam
219 965 254 1031 in
272 965 519 1032 matrimonium
535 961 653 1032 liberto
668 987 728 1030 suo
750 962 853 1032 daret.

189 1096 223 1139 2.
242 1071 284 1160 Q.
303 1072 495 1140 Lucretium
506 1067 529 1156 ²,
540 1071 764 1165 proscriptum
777 1095 796 1138 a
808 1072 1005 1160 triumviris,
1017 1098 1102 1144 uxor
1113 1077 1204 1146 Thu·

133 1178 198 1264 ria,
216 1177 302 1245 inter
321 1202 488 1246 cameram
507 1192 539 1246 et
558 1191 682 1245 tectum
702 1175 845 1245 cubiculi
860 1177 1026 1265 abditum,
1040 1205 1106 1250 una
1125 1208 1204 1253 con·

133 1285 202 1352 scia
216 1282 351 1372 ancilla,
363 1284 407 1351 ab
421 1285 613 1352 imminente
627 1283 740 1370 exitio,
753 1307 822 1352 non
834 1285 903 1352 sine
919 1309 1040 1380 magno
1056 1291 1203 1382 periculo

134 1414 209 1477 suo,
231 1405 341 1458 tutum
363 1391 515 1484 praestitit
533 1415 540 1456 :
561 1387 786 1482 singularique
806 1388 871 1458 fide
892 1389 926 1458 id
944 1394 1030 1486 egit,
1048 1409 1087 1462 ut
1101 1421 1203 1490 quum

131 1498 426 1591 caeteriproscripti
438 1497 473 1562 in
487 1495 600 1563 alienis
612 1509 645 1562 et
658 1493 831 1564 hostilibus
842 1498 1032 1591 regionibus
1041 1525 1102 1595 per
1115 1529 1202 1573 sunr-

132 1628 205 1673 mos
235 1604 384 1697 corporis
411 1616 444 1668 et
472 1602 572 1668 animi
602 1603 767 1670 cruciatus
796 1603 851 1670 vix
876 1603 1071 1694 evaderent,
1094 1608 1147 1679 ille
1169 1613 1203 1680 in

133 1709 308 1796 cubiculo,
330 1723 363 1776 et
382 1710 415 1776 in
434 1707 583 1802 conjugis
604 1709 679 1776 sinu
699 1706 837 1776 salutem
856 1711 1022 1784 retineret.

190 1814 223 1884 3.
243 1799 404 1909 Sulpicia³
425 1829 552 1902 autem,
570 1839 673 1907 quum
693 1837 712 1880 a
730 1828 836 1882 matre
851 1815 938 1882 Julia
957 1816 1204 1912 diligentissime

133 1921 374 2008 custodiretur,
394 1946 436 1989 ne
458 1919 637 1989 Lentulum
656 1919 938 2008 Cruscelbonem,
960 1925 1070 1993 virum
1088 1953 1202 2015 suum,

132 2029 358 2123 proscriptum
375 2051 395 2095 a
416 2027 613 2115 triumviris,
631 2027 665 2094 in
684 2024 827 2095 Siciliam
850 2045 1063 2122 sequeretur,
1080 2035 1203 2104 nihilo-

133 2137 243 2204 minus
264 2132 416 2203 famulari
434 2149 525 2202 veste
544 2147 696 2227 sumpta,
714 2158 790 2202 cum
814 2133 943 2204 duabus
962 2137 1105 2227 ancillis,
1127 2145 1188 2211 toti

132 2241 275 2336 demque
298 2242 419 2328 servis,
444 2241 485 2308 ad
508 2265 584 2308 eum
612 2238 813 2310 clandestina
840 2241 919 2335 fuga
943 2247 1115 2338 pervenit;
1139 2274 1201 2320 nec

131 2351 300 2417 recusavit
318 2373 352 2416 se
370 2349 474 2442 ipsam
487 2347 714 2442 proscribere,
729 2361 767 2416 ut
784 2349 813 2416 ei
832 2347 914 2418 fides
929 2375 988 2419 sua
1008 2352 1042 2419 in
1060 2355 1201 2450 conjuge

131 2456 320 2550 proscripto
338 2468 514 2526 constaret.

175 2678 203 2712 1.
215 2659 254 2712 Ne
262 2659 399 2710 domitorem
410 2659 473 2710 orbis
486 2658 644 2725 Africam,
689 2658 767 2710 MSS.
780 2670 807 2710 et
816 2673 905 2712 monet
919 2661 1122 2732 intelligendum
1131 2683 1201 2732 esse,

181 2743 343 2810 simpatieentioe.
352 2739 404 2790 Pro
415 2739 560 2806 Africanum
570 2738 645 2808 Pigh.
690 2741 842 2809 impatientia
850 2744 945 2792 amoris.
953 2741 1072 2809 Magnum
1079 2762 1202 2815 quoque,

130 2820 176 2872 cui
187 2819 280 2872 Vorst.
291 2819 482 2890 patrocinatur,
495 2818 560 2890 legit
573 2819 646 2884 Afri·
690 2817 762 2890 quod
772 2817 960 2872 damnaverant
969 2821 1026 2885 alii,
1037 2841 1092 2874 non
1102 2841 1201 2894 erpun.

130 2902 197 2959 cami,
206 2897 279 2970 qnod
289 2918 349 2958 curn
358 2899 422 2950 orbis
428 2900 647 2968 conjungeretur,
690 2898 807 2969 gendum
817 2911 907 2968 putat,
919 2899 982 2970 quia
994 2899 1118 2954 videlicet
1126 2905 1203 2956 Vale·

131 2993 157 3032 et
180 2979 361 3050 significaret,
383 2979 500 3046 Africani
520 2979 625 3049 imperii
638 2997 646 3042 ς
690 2979 745 3030 rius
759 2977 858 3049 duplex
868 2979 896 3030 in
906 2997 937 3029 eo
947 2981 1067 3048 quaesivit
1077 3001 1200 3048 acumem

130 3059 198 3130 quia
213 3059 362 3130 Scipionem
375 3059 492 3111 African.
506 3078 562 3110 non
571 3076 647 3129 posse
690 3057 755 3110 dnm
762 3060 906 3128 patientiam
915 3059 1017 3129 injurie
1029 3060 1056 3111 in
1067 3079 1165 3128 uxore,
1174 3076 1201 3116 et

130 3139 225 3193 vocari
248 3140 311 3190 orbis
331 3139 470 3190 domitorem
492 3138 645 3190 arbitratur.
690 3141 860 3208 bnpatientiam
876 3137 973 3190 amoris
995 3139 1022 3192 in
1046 3141 1158 3204 inmite,
1175 3156 1201 3196 et

131 3218 187 3273 Sed
203 3231 233 3270 ut
248 3231 339 3271 monet
350 3217 520 3279 Perizonius,
535 3215 646 3268 domne·
690 3215 755 3270 durn
761 3219 878 3284 seminam
890 3237 978 3288 magno
988 3223 1043 3271 ciro
1059 3222 1179 3292 opponit.

131 3313 174 3352 rat
184 3299 339 3371 Hispaniam
349 3299 377 3350 in
387 3299 508 3367 Europa,
516 3298 646 3364 Africam,
732 3317 759 3351 α.
773 3299 915 3351 Lucretium.
932 3299 983 3352 An.
998 3301 1033 3352 U.
1049 3319 1115 3368 710.
1132 3303 1199 3368 Dio,

130 3381 175 3432 eui
190 3379 278 3433 fratris
288 3380 388 3450 legatus
397 3378 537 3440 Asiam,et
546 3375 645 3430 idcirco
690 3379 763 3444 LIV;
777 3378 890 3449 Appian.
906 3378 966 3432 Civ.
977 3381 1027 3444 IV,
1046 3381 1199 3436 Lucretium

131 3479 191 3512 non
203 3459 336 3512 immerito
350 3461 413 3510 orbis
433 3458 537 3509 domitor
555 3458 645 3528 appel·
691 3458 852 3528 Vespillonem
866 3460 1054 3529 seuIIispr'llum
1067 3473 1201 3514 vocat.-

131 3540 219 3604 latur,
231 3540 264 3592 ab
278 3540 320 3592 his
334 3538 481 3611 prasertim
496 3538 543 3608 qui
558 3537 646 3590 verbis
694 3539 800 3592 Tectum,
821 3539 895 3590 Inter
914 3539 1060 3592 tabulatum
1080 3543 1200 3610 superius

131 3619 315 3692 hyperbolicis
341 3617 464 3690 gandent.
487 3619 646 3687 impatientia
690 3630 716 3670 et
731 3618 794 3670 tecti
808 3637 959 3671 curvamen.
972 3621 1135 3672 —Periculo
1148 3642 1198 3676 suo.

132 3699 287 3770 improbant
295 3699 425 3770 plerique.
433 3697 501 3750 Sunt
507 3697 553 3768 qui
560 3697 646 3768 legant
690 3699 745 3750 Lex
756 3697 828 3751 enim
841 3698 905 3750 luit:
917 3699 1078 3771 quicumque
1088 3702 1201 3771 proscri-

134 3781 306 3850 impadicitioe,
321 3778 394 3850 quod
409 3776 593 3831 tantummodo
605 3775 646 3830 di·
690 3791 765 3849 ptum
780 3777 939 3846 occultaret,
949 3777 1040 3832 eadem
1054 3799 1131 3852 poena
1141 3781 1199 3835 usfi-

133 3953 196 4003 tur;
210 3941 282 4011 Lips.
299 3943 457 4009 impotentiae,
478 3935 572 3990 eodem
590 3955 647 3989 sen·
732 3938 759 3990 3.
772 3937 890 4007 Sulpicia.
900 3939 950 3990 An.
963 3939 997 3992 U.
1011 3957 1074 4008 710.
1085 3941 1199 4012 Appian.

135 4039 166 4071 su
180 4039 259 4092 quem
277 4024 331 4092 jam
352 4017 514 4082 notavimus;
531 4017 596 4068 alius
612 4021 647 4067 in·
691 4017 770 4070 Civil.
780 4018 830 4069 IV.
842 4017 1097 4072 -LentulumVid
1108 4039 1200 4094 supra,

134 4105 295 4154 continentiae.
315 4099 368 4152 sed
385 4097 529 4151 Torrenius
551 4097 648 4148 retinet
691 4097 727 4161 V,
743 4097 776 4162 3;
791 4097 846 4149 Cic.
859 4098 937 4150 Catil.
950 4099 1000 4150 111.
1014 4131 1054 4140 -
1065 4100 1201 4160 Famulari.

135 4183 304 4249 impatientem,
322 4177 395 4251 quod
415 4195 506 4231 omnes
522 4176 647 4228 exhibent
692 4175 808 4241 Quidam
813 4179 943 4244 familiari.
954 4175 1017 4231 Vid.
1026 4180 1061 4246 V,
1072 4185 1162 4245 6,ext.
1176 4203 1200 4239 ι,
