3196 5122
394 533 468 606 270
589 505 812 574 vinnan
839 504 1043 572 nixum
1071 505 1167 574 Lm.
1195 505 1261 575 rr.

392 644 480 714 oium
502 635 638 707 nomen¹
659 635 751 706 velut
768 661 886 732 expers
902 635 1041 730 hujusce
1060 633 1172 730 gloria
1188 635 1360 706 silentione
1376 664 1456 732 prae·

391 743 609 818 tereundumt
624 745 732 840 Negat
746 743 817 812 fieri
832 743 954 812 debere
967 744 1130 838 posterior
1143 741 1257 836 Cato²,
1271 769 1338 814 non
1353 769 1458 839 parvo

392 875 529 935 summae
547 850 783 921 moderationis
804 849 883 920 fisus
909 849 1040 920 indicio.
1065 851 1260 945 Cypriacam
1282 855 1457 944 pecuniam

391 963 534 1032 maxima
554 983 631 1028 curn
650 956 820 1052 diligentia
837 971 872 1026 et
887 957 1060 1028 sanctitate
1082 959 1116 1026 iu
1134 957 1251 1026 urbem
1267 957 1458 1052 deportave-

390 1053 468 1138 rat³.
487 1066 592 1158 Cujus
614 1066 785 1134 ministerii
806 1065 912 1159 gratia
930 1077 1062 1133 serimus
1083 1061 1274 1133 relationem
1292 1066 1456 1160 interponi

387 1173 542 1270 jubebat,
567 1185 605 1240 ut
632 1172 793 1265 pretoriis
820 1171 961 1241 comitiis
988 1184 1081 1240 extra
1105 1169 1254 1240 ordinem
1277 1173 1363 1241 ratio
1387 1173 1456 1265 ejus

390 1281 578 1350 haberetur.
596 1277 661 1348 Sed
679 1279 748 1373 ipse.
766 1276 800 1346 id
815 1276 886 1346 lieri
903 1301 1018 1372 passus
1034 1301 1101 1346 non
1117 1291 1184 1360 est3
1203 1283 1352 1372 dirotano
1364 1303 1453 1366 esse,

390 1385 575 1472 affirmans,
600 1383 697 1480 quod
717 1386 805 1454 nulli
827 1385 892 1453 alii
911 1383 1121 1470 tribueretur,
1151 1385 1219 1454 n'bt
1236 1385 1380 1454 decerni.
1409 1388 1457 1456 Ac

390 1492 529 1588 nequid
550 1495 584 1562 in
608 1515 749 1587 persona
767 1515 825 1560 sua
844 1505 1040 1578 novaretur,
1057 1477 1296 1585 campestrem⁴
1316 1494 1456 1586 experiri

390 1602 624 1685 temeritatem,
637 1621 737 1692 quarn
754 1599 853 1667 curiae
866 1597 1027 1667 beneficio
1043 1599 1109 1686 uti,
1126 1599 1226 1667 satius
1240 1621 1311 1668 esse
1324 1598 1428 1668 duxit

449 1721 505 1794 15.
533 1721 585 1792 Ad
614 1735 748 1790 externa
771 1721 839 1815 jam
864 1721 944 1790 mihi
970 1720 1120 1816 exempla
1146 1723 1286 1792 transire
1307 1724 1453 1807 conanti,

391 1833 429 1900 M
459 1814 623 1916 Bibulus⁵,
641 1830 693 1896 vir
713 1827 920 1923 amplissime
942 1825 1128 1923 dignitatis,
1146 1843 1180 1897 ct
1197 1831 1333 1898 summis
1347 1829 1455 1898 hono-

390 1936 481 2006 ribus
499 1935 650 2023 functus,
671 1957 788 2004 manus
803 1935 914 2028 injicit.
935 1935 1002 2024 Qui
1014 1957 1116 2029 quum
1136 1937 1169 2002 in
1184 1937 1352 2030 provincia
1364 1937 1455 2031 Syria

390 2057 592 2130 moraretur,
615 2041 699 2112 duos
717 2043 856 2137 egregiae
875 2039 992 2110 indolis
1010 2040 1095 2110 lilios
1113 2067 1190 2111 suos
1208 2066 1227 2110 a
1246 2028 1455 2112 Gabinianis‘

390 2149 549 2220 militibus
572 2147 721 2244 AEgypti‚
741 2150 871 2218 occisos
894 2171 966 2217 esse
990 2151 1156 2243 cognovit.
1177 2151 1332 2238 Quorum
1351 2151 1453 2218 iuter-

434 2371 460 2405 ι.
476 2351 590 2404 Porcium
609 2367 703 2410 nomen,
724 2361 775 2402 eto.
794 2349 847 2402 Aa.
863 2349 898 2402 U.
945 2349 999 2415 Qui
1015 2347 1124 2422 quidem
1139 2349 1205 2404 cuo
1227 2367 1285 2402 reus
1308 2349 1344 2402 ita
1360 2351 1453 2420 gessit,

392 2437 459 2500 617.
476 2427 527 2484 Dio
541 2433 613 2484 Cass.
633 2429 677 2498 39.
694 2459 734 2471 -
753 2427 900 2499 Silentium,
945 2441 974 2482 ut
988 2429 1054 2482 nulli
1066 2425 1273 2501 repetundarum
1289 2429 1317 2481 in
1334 2447 1362 2481 se
1380 2447 1453 2482 socu-

391 2524 440 2565 etc.
457 2505 497 2561 lta
508 2507 618 2581 Pighius
631 2527 663 2560 ex
675 2505 736 2562 cod.
748 2505 899 2578 Campensi.
944 2509 1038 2562 sationi
1055 2509 1141 2562 locum
1158 2507 1312 2580 reliquerit,
1329 2509 1453 2580 omnique

392 2593 426 2643 At
438 2605 529 2641 omnes
542 2587 586 2642 alii
600 2597 626 2640 et
644 2585 735 2660 scripti
745 2599 770 2640 et
786 2583 851 2640 editi
868 2587 899 2640 li·
944 2589 1055 2642 erimine
1071 2589 1139 2641 liber
1159 2605 1261 2641 summa
1275 2586 1329 2641 lide
1347 2607 1452 2642 omnem

391 2670 433 2724 bri
451 2667 767 2740 :cinanmomum
780 2687 807 2720 se
826 2679 901 2738 negat
944 2669 1082 2739 pmuniem
1098 2671 1209 2722 Romam
1229 2666 1386 2742 deportarit.
1403 2666 1452 2722 Sed

384 2749 444 2820 fieri
452 2749 536 2800 deden
542 2751 661 2820 posterior
671 2747 742 2802 Cato.
753 2747 898 2800 Torrenius
943 2748 1043 2814 libros,
1068 2749 1095 2802 in
1120 2749 1216 2820 quibus
1240 2749 1362 2820 pecnnia·
1385 2750 1452 2802 ratio

390 2832 444 2883 ait:
457 2830 525 2882 lorte
543 2827 640 2883 excidit
655 2827 798 2900 repetitum
812 2828 899 2880 conti·
943 2829 1142 2894 continebatur,
1153 2829 1219 2881 Cato
1229 2827 1451 2894 amiseratQuum

391 2929 445 2963 uuo
461 2909 572 2962 verbum
586 2921 672 2978 negat.
688 2921 719 2962 ut
732 2921 824 2961 auctor
837 2907 900 2961 scri·
943 2919 1030 2962 sutem
1047 2909 1160 2980 populus
1180 2908 1311 2961 rationem
1331 2925 1450 2980 reposce·

389 2989 472 3062 poerit
484 3007 491 3042 :
505 2991 600 3042 silentio
609 2988 801 3060 proetereuadma
820 3009 845 3040 re
856 3007 898 3040 ae·
942 3001 997 3052 ret,
1012 3001 1116 3041 senatum
1128 3005 1187 3040 eam
1202 2988 1355 3042 relationem
1370 2988 1452 3040 inteo-

389 3083 437 3141 Καὶ
448 3063 521 3133 (scil.
536 3070 661 3123 Porcium
676 3065 800 3133 nomen).
815 3069 900 3140 Negat
942 3065 995 3119 dici
1011 3067 1111 3133 voluit3
1123 3068 1205 3120 immo
1217 3080 1246 3120 ut
1257 3081 1354 3140 pretor
1364 3085 1378 3118 a
1388 3065 1450 3119 red·

384 3149 457 3220 sieri,
474 3163 523 3202 etc.
941 3145 1028 3200 denda
1040 3147 1142 3200 ratione
1152 3147 1295 3204 levaretur.
1307 3166 1368 3199 eum
1379 3159 1451 3200 exne

380 3263 384 3269 -
433 3229 591 3282 a.Parterlor
601 3227 672 3281 Cato.
683 3227 897 3299 Maiorianepoa,
942 3224 1063 3279 ordinem
1080 3239 1105 3280 et
1118 3245 1173 3278 non
1189 3245 1238 3298 per
1251 3227 1341 3279 solitos
1355 3224 1450 3297 gradus

389 3308 459 3362 idem
472 3310 518 3382 qui
533 3309 648 3380 perlecto
660 3307 776 3360 Platonis
789 3305 899 3360 Phedo·
941 3319 1084 3378 pretorem
1105 3305 1248 3360 creandum
1265 3306 1378 3358 censuit.

388 3409 439 3452 ne,
454 3387 542 3460 gladio
556 3386 679 3440 incubuit
696 3387 788 3440 Utica.
810 3386 897 3440 Cesar
983 3391 1009 3448 4.
1026 3385 1194 3457 campestrem.
1211 3385 1305 3456 Populi
1321 3403 1392 3438 rom.
1406 3385 1451 3456 qui

389 3467 423 3522 de
438 3470 469 3521 ll.
482 3469 513 3522 C.
527 3469 577 3520 111.
941 3465 969 3518 iu
985 3483 1078 3537 campo
1092 3465 1191 3519 Martio
1202 3465 1327 3536 sull'ragis
1343 3465 1449 3518 serebat.

431 3549 456 3601 3.
476 3549 706 3620 Cypriacam........
720 3545 896 3616 deportaverat.
983 3545 1008 3598 5.
1024 3545 1061 3599 Μ.
1077 3546 1188 3599 Bibulum.
1198 3547 1249 3598 An.
1264 3545 1299 3600 U.
1315 3545 1380 3615 703.
1394 3545 1448 3598 Cu·

389 3627 560 3690 Ptolomeus,
582 3645 628 3680 rex
650 3625 754 3696 Cypri,
776 3641 897 3696 maguam
942 3643 984 3677 sar
995 3623 1029 3678 de
1042 3625 1072 3678 B.
1090 3625 1121 3680 C.
1134 3625 1192 3692 111,
1204 3631 1229 3690 4.

388 3707 443 3760 vim
455 3707 573 3776 pecunie
588 3717 716 3778 coeperat.
729 3705 793 3758 Lata
808 3715 898 3756 autem
982 3707 1009 3758 6.
1033 3705 1186 3758 Gabinianis.
1211 3705 1282 3758 Dicti
1307 3715 1369 3756 sunt
1393 3703 1448 3769 io,

388 3789 443 3840 aP.
452 3785 548 3841 Clodio
563 3787 620 3856 lege
633 3783 667 3838 de
678 3801 737 3856 repe
750 3782 894 3856 ejiciendo,
940 3783 1014 3856 qnod
1028 3784 1170 3850 Gabinius,
1182 3803 1265 3858 quum
1279 3783 1449 3836 Ptolemaeum

388 3887 417 3920 ac
434 3869 525 3940 Cypro
536 3867 619 3920 insuto
632 3867 660 3919 in
675 3867 839 3938 provinciam
852 3883 895 3918 re·
940 3883 1028 3936 regem
1051 3867 1080 3918 in
1100 3883 1211 3936 regnum
1233 3861 1391 3928 reduceret,
1407 3879 1449 3915 eos

389 3944 501 4018 dipeuda
516 3947 610 4000 murus
623 3945 674 3999 luit
693 3947 774 4011 Cato,
793 3945 840 4018 qui
853 3965 896 3998 re·
940 3943 1011 4018 apud
1024 3963 1111 4016 regem
1126 3946 1152 3998 in
1168 3947 1283 4016 AEgypto
1297 3943 1448 4014 reliquerat.

388 4027 457 4096 giam
465 4028 606 4097 penulam
613 4027 723 4078 llomam
733 4025 894 4097 deportaret.
939 4025 1006 4090 Quae
1021 4024 1055 4078 de
1071 4023 1224 4080 reducendo
1239 4041 1299 4094 repe
1313 4023 1340 4076 in
1358 4035 1448 4076 senua

388 4105 484 4159 Metuit
495 4108 566 4159 enim
578 4119 695 4169 seramus,
705 4125 738 4158 ue
749 4106 895 4176 tautisopi·
940 4119 997 4158 acta
1013 4105 1083 4171 siut,
1106 4105 1215 4158 uberius
1232 4103 1314 4156 relata
1334 4103 1404 4174 leges
1420 4101 1447 4154 in

388 4187 437 4240 hus
446 4204 492 4240 rex
504 4185 627 4239 incitatus
640 4186 739 4238 bellum
750 4185 893 4240 susciteret.
940 4185 997 4240 Cic.
1014 4205 1074 4258 epp.
1093 4183 1127 4240 ad
1140 4183 1293 4240 Lentulum.
1308 4213 1350 4228 -
1362 4182 1446 4254 AEpy·
