3196 5122
403 543 478 624 ΜΔ
600 537 825 608 VALERII
858 539 1066 608 ΜΑΧΙΜΙ
1101 539 1196 607 LIB.
1231 539 1305 606 lIl.

400 673 557 742 damnata
568 685 636 740 est:
652 695 794 765 namque
809 685 936 766 patrem
952 669 1054 758 illius,
1068 670 1148 740 nihil
1163 670 1252 740 adse
1265 671 1464 766 pertinentia

401 781 481 850 civis
503 779 632 846 romani
648 779 725 872 jura
745 776 977 872 complexum,
996 776 1116 848 Sabelli
1134 775 1279 874 judicio¹
1308 779 1466 872 petitum,

401 885 508 956 redire
526 887 560 953 in
579 885 732 979 pristinas
755 883 848 954 sedes
866 898 1056 979 coegerunt.
1079 887 1130 954 lta
1147 886 1195 952 Μ.
1216 887 1392 978 Perpernae
1405 909 1466 953 no·

401 1017 477 1062 men
492 987 761 1078 adumbratum¹,
779 988 879 1061 falsus
896 989 1104 1076 consulatus,
1122 989 1269 1086 caliginis
1284 987 1389 1060 simile
1404 992 1466 1058 irn-

402 1100 548 1192 perium,
566 1097 711 1166 caducus
729 1097 934 1192 triumphus,
954 1097 1060 1167 aliena
1077 1098 1110 1166 in
1123 1097 1207 1165 urbe
1222 1097 1373 1192 improbe
1391 1121 1465 1192 per·

399 1207 566 1300 egrinatus
588 1218 645 1272 est.

453 1310 487 1382 6.
508 1313 555 1378 Μ.
575 1335 654 1379 vero
675 1310 785 1379 Porcii
809 1294 964 1409 Catopis³
990 1311 1193 1379 incrementa
1214 1309 1355 1405 publicis
1380 1309 1465 1378 votis

400 1416 581 1513 expetenda
605 1415 738 1484 luerunt
758 1441 764 1483 :
788 1418 844 1510 qui
863 1411 987 1484 nd'men
1011 1441 1108 1484 suurn
1126 1404 1286 1485 Tusculil
1304 1399 1465 1510 ignobile,

400 1525 515 1592 Romae
537 1521 776 1608 nobilissimum
794 1521 945 1590 reddidit.
965 1523 1094 1591 Ornata
1109 1537 1186 1592 sunt
1203 1523 1290 1592 eninr
1309 1521 1410 1591 abeo
1429 1520 1464 1588 li-

400 1645 544 1700 terarum
566 1627 742 1696 latinarum
762 1613 1007 1718 monumenta⁵‚
1024 1628 1138 1723 adjuta
1153 1627 1327 1724 disciplina
1342 1627 1464 1698 rnilitu-

401 1823 572 1878 unaomnino
581 1833 642 1875 unte
652 1819 791 1892 Perperna
798 1834 912 1874 rnortern
956 1841 1011 1876 uon
1025 1835 1107 1888 esset,
1122 1825 1213 1876 oonsul
1230 1842 1284 1876 esse
1296 1842 1352 1875 uon
1365 1821 1465 1876 debuit.

401 1904 453 1956 leta
462 1900 624 1956 luerit.Vid.
635 1903 664 1964 1,
682 1919 731 1954 10:
744 1900 817 1954 «tex
828 1901 913 1954 lueret
956 1933 997 1944 —
1011 1901 1123 1954 Caducus
1137 1903 1274 1974 bonaplius.
1292 1903 1375 1975 Cujus
1384 1901 1464 1974 glorie

402 1981 514 2037 claudi·
527 2001 569 2036 an.
588 1981 623 2034 U.
643 1981 697 2051 576
715 1993 821 2033 auctore
835 1981 913 2032 Livio
956 1999 1011 2034 non
1024 1980 1072 2034 diu
1083 1980 1197 2036 durarit.

402 2063 467 2127 lete,
482 2079 541 2134 que
554 2061 639 2114 socios
652 2062 680 2112 in
695 2079 768 2114 suam
781 2077 913 2130 quemque
998 2061 1070 2120 3.Μ.
1079 2081 1138 2114 uem
1145 2061 1345 2117 PontiCatonts.
1356 2061 1466 2116 Cir-eiter-

402 2143 536 2198 civitatem
554 2139 698 2211 redigebat.
712 2141 775 2192 Post
790 2140 859 2192 hanc
873 2157 914 2192 se·
956 2143 1006 2194 An.
1026 2141 1060 2194 U.
1077 2141 1142 2212 549.
1163 2141 1297 2195 Plutsmlr.
1317 2143 1345 2196 in
1357 2142 1464 2195 Cetmse.

401 2235 463 2276 cute
477 2233 516 2274 est
530 2219 612 2292 Pupia
623 2239 630 2272 :
641 2238 700 2291 quse
712 2238 765 2290 quo
779 2239 849 2272 anno
861 2220 914 2272 lete
956 2219 1007 2274 Hic
1021 2220 1076 2292 ipse
1090 2220 1179 2293 quoad
1194 2223 1363 2293 meginratus
1377 2239 1404 2274 se
1419 2239 1464 2274 ua·

402 2303 450 2366 sit,
465 2319 559 2373 perum
568 2300 661 2369 liquet.
676 2299 732 2350 Huc
741 2311 829 2352 nutem
839 2297 914 2352 dem·
956 2319 1020 2352 vum
1031 2318 1099 2364 esse,
1111 2302 1191 2354 rebus
1202 2319 1266 2354 vero
1278 2301 1358 2373 gestis
1370 2319 1400 2353 ee
1413 2299 1464 2353 rir-

403 2395 481 2435 netus
492 2377 811 2450 quumsitM.Perperuu
822 2389 913 2448 pater,
957 2391 1013 2432 tute
1028 2383 1158 2450 majurum
1175 2381 1383 2434 vetustissimum
1401 2397 1465 2451 pre-

403 2461 451 2533 qui
460 2463 513 2512 cos.
522 2459 574 2510 luit
582 2475 625 2510 an.
636 2458 671 2509 U.
685 2457 752 2520 623,
760 2475 813 2510 non
824 2457 913 2510 multis
957 2457 1069 2512 dicabat.
1081 2459 1149 2514 Num
1163 2463 1274 2531 mejeres
1286 2461 1343 2532 ejus
1352 2463 1406 2530 jun
1417 2460 1465 2512 rir-

404 2552 464 2592 ente
473 2539 548 2591 aunis
556 2535 662 2590 ridetur
673 2535 732 2590 lau.
746 2561 756 2582 ·
957 2551 1013 2592 tute
1024 2539 1197 2596 eminuerunt.

448 2637 472 2670 r.
487 2616 579 2670 Sabelli
587 2616 681 2687 judicio
692 2617 802 2686 petitum.
818 2615 913 2668 Sebelli
998 2624 1025 2682 4.
1055 2619 1161 2672 Tusculi.
1184 2619 1330 2674 Tusculum
1355 2618 1464 2672 muniri-

404 2697 519 2771 populas
537 2696 635 2759 Italia.
658 2697 705 2766 qui
726 2707 828 2748 montes
846 2695 915 2748 inter
956 2698 1033 2768 pium
1048 2717 1196 2754 romanum.
1208 2699 1366 2770 Municipium
1381 2711 1464 2752 eutem

405 2777 515 2832 Sabinus
543 2789 570 2828 et
596 2775 698 2828 Marsos
729 2774 916 2840 incoluerunt,
957 2775 1087 2849 oppidum
1106 2792 1162 2832 erat
1173 2781 1233 2851 jure
1253 2779 1353 2832 sirium
1366 2797 1463 2831 mutan.

405 2858 554 2930 quibutque
573 2856 643 2910 inter
655 2855 719 2908 alios
732 2854 824 2908 civitas
839 2852 918 2920 dete,
957 2854 1093 2912 donatum.
1112 2859 1178 2912 Aliis
1197 2873 1285 2912 eutem
1302 2857 1463 2912 civitatum

406 2937 476 2992 bello
498 2933 914 3006 marsicoconlecto.1ipatrern
958 2935 1099 3009 suffragio,
1123 2939 1181 2992 aliis
1200 2939 1257 2992 sine
1273 2957 1306 2992 eo
1322 2953 1463 2992 correus:

407 3019 546 3090 Perpernae
551 3011 917 3088 judiciopetiveruut,quod‚
958 3014 1021 3068 inde
1046 3036 1142 3090 genera
1169 3019 1377 3090 municipiorum
1404 3015 1464 3068 duo.

407 3097 755 3169 quumeivisromrnusuon
769 3107 849 3160 esset,
856 3096 917 3165 jure
958 3095 1038 3150 Plura
1053 3096 1087 3150 de
1097 3097 1139 3150 liis
1147 3097 1216 3152 Gell.
1226 3097 1308 3162 xvl,
1325 3099 1369 3151 13.
1381 3095 1466 3150 Muni-

407 3191 494 3231 tamen
509 3176 573 3228 civis
586 3175 689 3228 romani
702 3185 861 3246 usurpasset.
959 3175 1028 3246 cipis
1045 3177 1206 3230 extrinsecus
1225 3177 1253 3230 in
1272 3177 1407 3231 civitatem
1426 3195 1464 3229 re-

449 3277 476 3310 s.
506 3255 691 3308 Adaubratam.
724 3253 872 3308 Transletio
902 3271 917 3305 ι
959 3266 1053 3325 cepta:
1072 3256 1182 3310 colonie
1201 3275 1263 3328 pers
1281 3257 1376 3310 emisse
1394 3267 1464 3308 erent

408 3336 567 3408 pictoribus,
581 3335 627 3406 qui
638 3334 725 3406 primo
741 3331 848 3404 quidem
863 3333 917 3386 for·
959 3335 1058 3389 civium
1073 3354 1174 3390 rumen.
1186 3335 1256 3389 Vide
1272 3335 1365 3390 llosini
1387 3335 1463 3404 antiq.

409 3435 479 3469 ruam
495 3415 616 3486 imaginis
631 3411 804 3478 adumbrant,
820 3409 917 3466 deinde
960 3435 988 3486 p.
1003 3433 1057 3484 991
1072 3434 1110 3486 iq.

410 3497 541 3549 coloribus
564 3513 622 3548 eam
646 3492 811 3563 distinguunt
833 3491 918 3546 etsie
1002 3495 1028 3548 5.
1047 3495 1143 3548 Ornata
1156 3509 1212 3548 suut
1217 3535 1304 3550 ......
1312 3507 1463 3548 namra.

411 3576 550 3646 imaginem
558 3573 690 3645 redigunt.
699 3571 850 3625 Adambrare
858 3590 919 3642 pro·
960 3573 1070 3646 Scripsit
1078 3575 1150 3628 euim
1158 3573 1467 3647 deOriginibus‚iuqui·

410 3655 472 3725 prie'
482 3667 520 3706 est
535 3653 644 3725 alicujus
659 3653 697 3706 rei
714 3653 825 3705 formam
838 3649 918 3704 indu·
960 3653 1010 3708 bus
1017 3655 1146 3726 originem
1155 3655 1263 3708 urbium
1274 3656 1466 3722 intimuit

410 3752 477 3787 rere.
501 3733 571 3802 Ergo
596 3751 693 3787 nomen
715 3729 917 3792 adumbratum,
960 3751 1002 3786 res
1020 3747 1103 3804 gestas
1115 3735 1208 3806 populi
1223 3735 1328 3787 romani
1339 3733 1464 3806 exposuit

411 3813 473 3884 quia
481 3812 611 3885 principia
619 3812 726 3885 quidem
733 3811 771 3864 M.
780 3807 919 3882 Perperna
961 3811 1025 3866 vid.
1036 3814 1126 3886 Nepos
1133 3815 1162 3868 in
1173 3815 1227 3868 rite
1238 3813 1355 3868 Catonis.
1366 3843 1407 3856 -
1414 3811 1465 3866 Aa·

411 3910 519 3947 summe
529 3893 653 3946 claritatis
667 3906 693 3946 et
707 3893 795 3963 glorie
806 3891 918 3945 lormrm
955 3894 1012 3963 juta
1025 3893 1151 3965 disciplina
1165 3895 1284 3948 militaris.
1296 3893 1358 3956 Nun
1368 3905 1465 3948 tanturn

410 3971 583 4035 induxerunt;
600 3970 646 4025 sed
663 3973 748 4026 exitus
760 3972 871 4024 formum
886 3972 918 4024 il·
961 3972 1043 4026 libros
1060 3973 1094 4026 de
1114 3995 1139 4025 re
1159 3975 1258 4027 militari
1272 3974 1389 4044 scripsit,
1408 3967 1464 4033 sed,

410 4053 463 4104 lem
481 4049 663 4106 adumbratam
682 4053 710 4104 in
726 4069 815 4104 rerem
829 4051 918 4122 splen·
961 4071 1043 4122 quum
1062 4054 1144 4108 multa
1158 4056 1210 4125 jem
1228 4054 1342 4106 alienun
1355 4053 1404 4105 sub
1419 4051 1464 4102 im·

410 4129 484 4184 duris
495 4130 634 4201 imaginem
647 4131 795 4202 exprimere
804 4149 859 4183 non
872 4150 919 4202 po·
961 4133 1036 4203 perio
1054 4135 1249 4204 preclarissime
1263 4133 1394 4205 genuisset,
1411 4148 1463 4182 om·

410 4221 504 4266 tuerat.
514 4209 656 4264 -Falsuu
666 4209 750 4276 Quis,
760 4227 843 4280 quum
853 4209 918 4264 rivis
961 4230 1023 4264 nem
1044 4213 1126 4267 ferme
1147 4213 1302 4284 Hispaniam
1321 4231 1370 4268 sua
1386 4209 1463 4264 ductu
