3184 5132
230 470 332 538 cnr.
362 469 454 556 vu,
482 469 549 536 nn
576 417 869 536 niscmnms
897 467 1054 536 utum.
1141 469 1211 558 145

149 605 273 672 virtute
288 601 373 694 ejus,
394 623 501 692 neque
517 623 688 682 successu,
706 623 813 693 neque
828 597 999 670 nobilitate
1012 617 1138 692 motus,
1154 607 1217 676 vin

148 733 208 803 gas
224 707 385 802 expediri,
407 729 548 800 eumque
568 704 686 774 nudari
696 706 804 797 jussit.
824 708 856 774 Ο
869 705 1093 800 spectaculum
1112 711 1216 782 admi·

150 812 268 902 rabile,
282 827 316 882 et
330 811 519 898 Rullianus,
535 826 569 881 et
581 813 738 907 magister
749 813 912 905 equitum,
925 827 959 880 et
973 816 1095 900 victor,
1117 821 1217 890 scissa

152 935 260 1007 veste,
277 918 481 1014 spoliatoque
503 943 658 1013 corpore,
681 916 833 988 lictorum
854 919 1047 990 verberibus
1069 920 1216 994 laceran-

151 1025 232 1096 dus¹
255 1039 320 1094 :ut
344 1027 378 1094 in
401 1027 470 1094 acie
491 1039 705 1119 exceptorum
726 1023 900 1093 vulncrum
922 1026 1054 1097 nodosis
1080 1031 1215 1102 ictibus¹

152 1157 273 1203 cruore
290 1146 468 1218 renovato,
489 1132 722 1217 victoriarum,
742 1155 824 1224 quas
843 1130 944 1200 modo
965 1137 1218 1228 speciosissimas

153 1240 294 1333 adeptus
311 1253 400 1324 crat,
415 1236 526 1306 titulos
541 1251 757 1331 respergeret.
775 1237 931 1308 Precibus
948 1239 1065 1310 deinde
1079 1245 1145 1312 suis
1156 1268 1216 1314 ex·

154 1347 276 1414 ercitus
292 1346 498 1414 occasionem
513 1345 615 1412 Fabio
629 1343 840 1437 confugiendi
853 1345 887 1412 in
902 1345 1019 1414 urbem
1034 1346 1141 1433 dedit;
1161 1351 1219 1422 ubi

155 1452 278 1521 frustra
306 1466 438 1522 senatus
468 1449 625 1519 auxilium
653 1448 852 1546 imploravit.
884 1449 1107 1524 Nihilominus
1131 1459 1219 1528 enim

154 1560 304 1652 Papirius
318 1559 351 1625 in
367 1557 525 1650 exigenda
537 1581 635 1650 poena
646 1557 877 1651 perseveravit.
893 1560 1009 1652 ltaque
1024 1575 1158 1634 coactus
1171 1579 1221 1634 est

155 1679 251 1758 pater
275 1665 360 1758 ejus,
383 1678 459 1757 post
474 1663 672 1732 dictaturam
690 1664 889 1756 tertiumque
906 1665 1131 1756 consulatum,
1150 1695 1220 1740 rem

156 1771 199 1838 ad
223 1755 403 1865 populum³
432 1770 610 1854 devocare,
638 1767 859 1860 auxiliumque
882 1771 1090 1840 tribunorum
1117 1775 1221 1870 plebis

157 1875 298 1970 supplex
313 1901 374 1970 pro
386 1873 453 1942 filio
468 1888 588 1968 petere.
601 1877 718 1967 Neque
729 1873 791 1942 ltac
806 1899 842 1942 re
854 1877 1008 1946 severitas
1019 1869 1158 1972 Papiriil
1170 1907 1221 1950 re·

159 1982 283 2051 frenari
291 1983 412 2076 potuit3
427 1993 709 2073 caeterum,quum
719 1980 762 2047 ab
771 1981 933 2050 universis
946 1983 1088 2070 civibus,
1100 2001 1133 2054 et
1142 1990 1221 2082 ipsis

158 2089 300 2156 tribunis
317 2086 420 2182 plebis
438 2100 629 2179 rogaretur,
647 2099 784 2154 testatus
800 2100 864 2172 est,
883 2111 951 2154 nou
962 2111 1109 2182 poenam
1126 2095 1221 2164 illam

158 2217 197 2262 se
206 2192 333 2279 Fabio,
348 2193 548 2287 sedpopnlo
557 2215 700 2262 rontano
713 2207 746 2260 et
759 2191 944 2262 tribunitiae
956 2187 1155 2266 concedere⁵
1160 2225 1223 2294 po

158 2305 286 2368 testati]

214 2448 248 2518 9.
268 2427 305 2491 L.
323 2447 455 2518 quoque
470 2421 668 2517 Calpurnius
680 2407 771 2490 Piso⁶
791 2420 921 2510 consul,
938 2447 1040 2517 quum
1063 2427 1095 2493 in
1114 2427 1222 2498 Sicilia

158 2527 281 2599 bellum
303 2527 460 2597 adversus
479 2528 634 2632 fugitivos
653 2542 798 2624 gereret,
826 2543 858 2596 et
876 2531 913 2598 C.
927 2531 1051 2620 Titius,
1072 2536 1220 2628 equitum

160 2731 245 2784 liam:
261 2729 342 2782 vicini
363 2729 443 2780 etiam
462 2727 668 2780 Privernatibus.
713 2745 755 2778 ma
775 2725 930 2796 ponendum
944 2741 1061 2784 estante
1082 2734 1179 2794 titulos,
1194 2746 1221 2786 et

161 2808 232 2863 Vide
242 2810 353 2879 Eutrop.
366 2809 404 2862 11.
419 2807 519 2860 Eorum
531 2807 603 2876 regio
618 2804 669 2862 du·
712 2804 854 2876 legendum
872 2811 1067 2876 speciosusimas,
1093 2823 1123 2864 ut
1151 2827 1223 2866 recte

160 2902 233 2944 catus
244 2891 440 2942 beneventanus
457 2898 547 2958 poster
560 2883 648 2938 dicun
661 2904 669 2950 ς
713 2885 811 2940 habent
822 2885 917 2956 viginti
928 2887 1002 2940 MSS.
1016 2901 1043 2940 et
1049 2887 1109 2941 edd.
1122 2904 1221 2946 veteres

161 2965 621 3038 Abruzzohodieffllveque'uirtute
623 3003 670 3020 .....
755 2965 781 3018 3.
804 2963 850 3018 Ad
866 2967 989 3036 populum.
1010 2967 1094 3020 Penes
1107 2973 1222 3039 populum

163 3061 247 3102 muns.
259 3046 329 3100 Vide
339 3047 395 3102 Cic.
408 3045 441 3100 ad
455 3047 516 3098 lem.
530 3046 548 3097 l.
562 3045 616 3109 tx,
626 3061 669 3116 ep.
714 3045 785 3098 enim
801 3061 902 3096 munau
917 3057 972 3098 erat
986 3057 1108 3116 potestas.
1124 3051 1167 3103 Sic
1179 3071 1224 3104 ex.

161 3127 195 3182 nd
208 3129 324 3182 Paetum.
714 3123 794 3195 empli
810 3141 886 3174 causa
904 3125 960 3195 lege
976 3125 1081 3178 Valeria
1100 3143 1221 3198 cantum,

208 3204 670 3262 1.Lacerandus.Nonverelacemn·
714 3222 748 3256 ne
774 3203 833 3273 quis
853 3203 936 3256 ullum
961 3205 1139 3276 magistratum
1166 3210 1222 3264 tine

162 3287 222 3340 dum
233 3304 258 3336 se
267 3285 393 3355 prebuit,
402 3283 448 3338 sed
456 3297 597 3353 antequam
609 3301 671 3354 spo·
715 3281 902 3352 provocatione
914 3297 1028 3350 crearet;
1041 3287 1086 3355 qui
1099 3303 1223 3358 creasset,

162 3366 274 3418 liaretur
284 3364 393 3434 aufugit.
406 3361 560 3434 Legendunr
573 3363 672 3416 scilicet
714 3379 775 3414 eum
789 3364 832 3432 jus
846 3374 873 3414 et
886 3362 923 3414 las
937 3376 992 3416 erat
1005 3364 1099 3418 occidi.

162 3443 277 3498 omnino
287 3461 347 3494 cum
354 3443 430 3513 Pigh.
442 3442 595 3504 lacerandas,
609 3460 673 3494 neu·
756 3447 783 3504 4.
798 3442 915 3494 Severitate
929 3444 1032 3514 Papirii.
1049 3447 1115 3510 Qute
1128 3447 1165 3500 sic
1178 3467 1222 3502 ex·

163 3527 266 3596 tiquam
282 3535 312 3574 ut
326 3521 405 3592 vulgo
421 3541 428 3574 :
443 3543 467 3574 se
481 3520 618 3574 verberum
633 3522 672 3572 la·
715 3522 811 3574 troitus
822 3521 940 3574 animum
951 3541 966 3575 a
978 3522 1106 3578 dictatore
1117 3525 1223 3598 Papirio

163 3603 292 3657 arandum
303 3601 419 3671 prebuit,
434 3597 566 3671 quidquid
580 3614 673 3652 contra
716 3601 823 3665 avertit,
837 3613 879 3664 ut,
893 3620 975 3672 quum
992 3617 1098 3672 possent
1110 3604 1221 3672 deinde,

163 3683 237 3738 dicat
257 3683 345 3752 Kapp.
361 3693 390 3734 ut
406 3680 541 3732 Valerium
556 3679 592 3732 ita
608 3680 672 3732 scri·
716 3697 748 3734 eo
760 3677 828 3732 duce
840 3681 946 3734 vincere
960 3683 1070 3737 nollent.

165 3764 247 3836 psisse
266 3757 395 3813 ostendat.
411 3759 557 3814 Torrenius
574 3759 673 3812 mavult
758 3759 784 3812 5.
801 3759 948 3820 coactam,
966 3761 994 3816 id
1006 3776 1056 3822 est,
1073 3765 1222 3834 remittere,

161 3843 293 3915 praebuerit
300 3862 311 3902 ,·
329 3840 434 3896 trustra.
716 3837 876 3894 condonare.

208 3941 234 3974 s.
249 3920 352 3982 Ictibus,
363 3920 463 3972 scilicet
477 3919 617 3988 virgarum.
634 3949 674 3962 —-
759 3923 785 3972 6.
803 3919 1089 3988 carpentoracte.
1104 3927 1139 3980 U.
1157 3930 1224 3982 620.

166 4001 355 4071 Speciosiuimas
358 4037 405 4052 .....
408 3999 498 4053 titulos.
508 3997 597 4068 Vulgo
608 3998 675 4051 male
718 3998 838 4050 Frontin.
847 3999 864 4052 l.
873 3999 921 4064 tV,
929 4018 952 4052 c.
963 4001 1122 4064 glisonem
1130 4005 1225 4062 domu.

167 4093 194 4133 et
206 4081 297 4152 legunt
311 4091 337 4132 et
349 4077 515 4150 ‹listinguunt
530 4095 537 4131 :
553 4081 675 4147 speciosis·
719 4077 829 4129 Horatio
843 4090 907 4130 teste
920 4078 954 4132 de
967 4083 1031 4136 Arte
1047 4099 1117 4156 poet.
1138 4087 1224 4142 Numa

167 4164 238 4215 suasor
247 4160 347 4230 adeptus
358 4171 411 4212 emt
420 4161 500 4212 titulos
508 4179 519 4222 ,·
532 4175 594 4212 uam
603 4175 676 4214 corn·
719 4156 866 4212 deducebat
884 4159 1021 4231 originem.

221 4247 250 4310 I.
998 4265 1043 4316 ro
