3168 5124
407 552 483 649 476
608 553 830 620 VALERII
863 552 1070 620 MAXIMI
1105 551 1200 618 LIB.
1235 551 1299 620 Vl.

408 701 442 754 ct
458 683 712 780 prudentissima
723 697 906 778 precepta,
919 680 1118 752 temulentia
1131 681 1268 750 lasciviis
1278 679 1425 750 elevaret
1435 681 1462 749 ¹:

409 805 483 860 orta
503 789 640 877 deinde,
664 805 702 858 ut
721 813 782 884 par
805 803 895 878 erat,
917 789 1064 858 omnium
1085 787 1324 882 indignatione,
1343 791 1464 856 Xeno-

409 909 516 966 crates
537 895 667 965 vultum
684 897 718 964 in
736 894 853 965 eodem
872 894 987 964 habitu
1007 894 1186 982 continuit,
1204 895 1386 989 omissaque
1408 917 1467 976 re,

409 1027 508 1097 quam
524 999 730 1090 disserebat,
743 1001 785 1072 de
799 1000 958 1070 modestia
973 1023 1012 1070 ac
1026 1002 1245 1095 temperantia
1255 999 1345 1094 loqui
1357 1001 1466 1094 coepit

410 1109 514 1202 Cujus
531 1109 693 1204 gravitate
711 1110 869 1178 sermonis
887 1108 1075 1202 resipiscere
1091 1120 1225 1177 coactus
1242 1105 1393 1195 Polemo,
1405 1109 1468 1201 pri

408 1237 502 1284 mum
521 1237 677 1284 coronam
698 1217 804 1310 capite
822 1214 1003 1284 detractam
1018 1213 1178 1308 projecit3
1193 1211 1295 1309 paulo
1310 1227 1387 1307 post
1399 1213 1468 1280 bra

410 1320 522 1390 chium
545 1322 632 1388 intra
653 1319 789 1416 pallium
811 1304 982 1406 reduxit³;
1010 1319 1209 1413 procedente
1232 1335 1386 1414 tempore
1406 1321 1466 1388 oris

410 1424 591 1496 convivalis
611 1425 809 1496 hilaritatem
820 1425 994 1521 deposuit3
1018 1425 1060 1494 ad
1077 1423 1229 1494 ultimum
1250 1440 1361 1494 totam
1378 1423 1465 1493 luxu·

411 1531 494 1600 riam
513 1533 621 1620 exuit,
638 1533 799 1626 uniusque
822 1533 979 1602 orationis
998 1529 1211 1600 saluberrima
1229 1531 1399 1600 medicina
1418 1557 1463 1600 sa·

410 1651 522 1726 natus,
537 1663 577 1706 cx
590 1638 703 1708 infami
718 1663 865 1733 ganeone
881 1639 1042 1708 maximus
1056 1637 1273 1732 philosophus
1288 1639 1405 1706 evasit
1418 1639 1465 1705 Pe

412 1745 596 1838 regrinatus
616 1759 665 1813 est
682 1745 779 1838 hujus
797 1746 925 1814 ammas
941 1746 976 1812 in
993 1744 1155 1838 nequitia,
1173 1767 1239 1812 non
1258 1743 1431 1812 habitavit

467 1875 499 1918 a.
515 1851 610 1944 Piget
620 1849 848 1920 Themistoclis
862 1847 1114 1918 adolescentiam
1128 1836 1322 1944 attingere⁴,
1337 1851 1408 1918 sive
1421 1871 1464 1944 pa

408 1969 494 2023 uem
517 1955 717 2050 adspiciam,
736 1955 949 2026 abdicationis
979 1955 1203 2050 injungentem
1231 1971 1374 2042 notam,
1403 1957 1464 2024 sive

410 2075 569 2148 matrem,
588 2061 763 2156 suspendio
781 2061 876 2130 finire
888 2063 989 2131 vitam
1004 2077 1140 2156 propter
1157 2059 1215 2130 filii
1231 2061 1465 2156 turpitudinem

411 2181 687 2262 coactam3quum
699 2170 846 2236 omnium
857 2182 970 2262 postea
981 2169 1062 2262 graii
1074 2169 1239 2264 sanguinis
1250 2170 1404 2238 virorum
1412 2167 1466 2238 cla

412 2273 558 2342 rissimus
576 2275 752 2363 exstiterit,
771 2273 981 2368 modiumque
998 2275 1140 2370 Europae
1157 2289 1191 2343 ct
1206 2277 1293 2344 Asiae
1311 2275 1367 2343 vel
1385 2277 1465 2370 spei,

413 2377 465 2446 vel
484 2378 717 2474 desperationis
731 2381 850 2475 pignus
866 2379 972 2449 luerit.
987 2383 1067 2451 Haec
1079 2382 1166 2450 enim
1183 2379 1297 2450 salutis
1312 2405 1390 2450 eum
1405 2405 1466 2450 suae

411 2498 588 2576 patronum
606 2485 739 2573 habuit,
753 2485 807 2554 illa
821 2485 939 2556 vadem
957 2487 1100 2557 victoriae
1115 2487 1292 2582 assumpsit
1299 2473 1320 2555 ⁵.

467 2587 499 2658 3.
520 2591 667 2658 Cimonis
686 2615 766 2658 vero
784 2591 983 2662 incunabula
1003 2595 1157 2689 opinione
1175 2592 1318 2663 stultitiae
1334 2594 1464 2662 filerunt

457 2799 482 2834 1.
498 2781 619 2834 Elaeam.
642 2782 848 2850 contemneret,
863 2784 919 2836 elu·
962 2817 1000 2828 -
1014 2785 1067 2838 Pro
1087 2788 1247 2856 insurgentes
1259 2803 1308 2836 non
1320 2795 1371 2846 est,
1384 2781 1459 2853 quod

414 2857 497 2914 deret.
513 2859 577 2914 vid.
592 2862 622 2926 1,
637 2864 670 2930 6,
685 2879 729 2914 rs.
962 2867 1090 2916 inuram
1096 2863 1460 2936 ponamuseuml'ighiomsm

458 2959 483 2994 a.
507 2940 602 2993 omissa
617 2959 655 3002 re,
676 2961 745 3014 queam
764 2942 789 2994 d.
805 2941 919 2998 Wiuch.
961 2944 1186 3014 sepissimeetism
1196 2949 1313 3016 injungere
1320 2942 1463 3002 mende-

414 3029 441 3070 et
455 3019 554 3072 Cauch.
564 3024 654 3072 amasis
666 3020 788 3093 dequibus
799 3022 918 3084 da‘stenb.,
962 3026 1109 3084 emmens,
1126 3027 1251 3093 injurians,
1265 3027 1408 3083 semitam,
1417 3043 1465 3093 po·

415 3115 481 3168 quos
494 3111 591 3152 temere
607 3112 733 3170 sequmus
747 3113 786 3154 est
800 3101 919 3172 Pighius.
961 3121 1027 3164 nnn,
1042 3116 1093 3158 etc.
1106 3103 1178 3175 apud
1194 3117 1294 3158 veteres
1305 3103 1410 3176 legitur.
1428 3133 1466 3144 —

415 3177 538 3230 Vorstius
546 3197 609 3232 vero
618 3178 658 3230 nil
667 3179 822 3234 mutandum
833 3193 919 3252 putat,
961 3182 1069 3254 Europe
1079 3195 1105 3235 et
1114 3184 1192 3236 Λεία.
1203 3183 1280 3255 Pigh.
1291 3184 1393 3236 mauult
1400 3183 1466 3235 Ans

415 3255 488 3326 qnod
499 3257 609 3310 dr'sserers
619 3277 666 3310 rem
678 3277 732 3312 non
741 3261 816 3314 aliter
821 3259 920 3314 dicitur
961 3263 1105 3333 etEumpoe.
1114 3263 1220 3316 Scilicet
1228 3265 1299 3316 ferre
1306 3283 1361 3316 non
1367 3263 1466 3334 potnit,

416 3353 446 3388 se
464 3337 586 3407 disputan
598 3359 654 3390 mas.
669 3338 733 3394 Vid.
748 3341 832 3393 Tacit.
849 3341 919 3394 Anu.
961 3340 1032 3413 quod
1048 3343 1099 3394 lsoee
1111 3341 1145 3396 sd
1156 3343 1297 3408 remotius,
1308 3344 1353 3394 itta
1362 3361 1426 3394 vero
1435 3340 1466 3394 ed

415 3414 462 3468 lib.
476 3418 506 3481 I,
521 3435 577 3488 cap.
595 3425 631 3483 43
654 3431 718 3472 tom.
739 3419 767 3481 Ι,
788 3437 846 3490 pag.
868 3421 919 3484 15,
961 3422 1137 3494 propinquius
1153 3421 1324 3476 referendum
1343 3423 1380 3474 its
1395 3435 1466 3474 esset

415 3497 920 3564 nostraseditionis3lllin.Fel.c.1².-
961 3501 1048 3571 Atque
1071 3501 1123 3554 hoc
1143 3502 1251 3555 solenne
1272 3502 1380 3554 Nostro.
1402 3499 1467 3553 Vide

416 3572 503 3646 Coepit.
517 3577 635 3630 Laertius
642 3590 783 3643 memorat,
793 3595 853 3630 eum
864 3579 919 3649 πιρὶ
961 3577 1055 3651 suprs',
1066 3581 1108 3646 11,
1119 3599 1134 3650 7
1145 3621 1153 3648 ‚
1166 3599 1197 3634 ra
1214 3595 1241 3634 et
1257 3581 1304 3646 πᾶς
1320 3583 1378 3645 ΙΠ,
1394 3600 1427 3646 s,
1440 3598 1465 3642 ις

415 3656 566 3724 σωφροσύνης
579 3655 737 3710 disseruisse.
960 3660 1008 3720 IV,
1025 3679 1058 3730 7,
1070 3673 1169 3712 extern.
1189 3679 1263 3713 1.-·
1279 3661 1467 3732 Dupemtiosm

456 3734 741 3808 3.Redu.sit.llocspnd
748 3737 919 3791 Athenienses
960 3739 1050 3804 Quum
1070 3740 1171 3811 lugeret
1185 3738 1219 3792 ad
1238 3739 1360 3803 hostem,
1379 3755 1466 3794 onnus

413 3813 530 3884 aliosque
541 3815 643 3885 signum
652 3815 761 3888 pudoris
772 3829 850 3888 atque
861 3837 918 3870 mo·
958 3819 1070 3890 patriam
1084 3831 1256 3890 pugnaturus.

412 3890 501 3946 desua
514 3893 648 3948 erat.Vid.
658 3895 718 3949 Seu.
730 3897 770 3962 V,
780 3897 872 3950 Couts.
885 3902 901 3950 6
909 3915 918 3964 ς
1001 3899 1027 3952 5.
1047 3900 1190 3968 Assumpsit.
1206 3897 1325 3952 Omnem
1341 3899 1465 3953 Graeciam

414 3971 506 4035 Quint.
522 3974 590 4039 XII,
609 3992 656 4038 ro,
675 3993 721 4028 ar.
959 3977 1120 4030 ePersarum
1129 3976 1270 4046 tyrannide
1283 3979 1410 4032 Ubersrat
1422 3997 1465 4050 pn-

455 4057 481 4113 4.
498 4052 633 4122 Attingam.
643 4052 707 4107 vid.
721 4055 817 4126 Nepot.
828 4055 872 4119 11,
886 4075 917 4118 r;
959 4075 1009 4126 gna
1023 4057 1177 4122 Salaminis;
1190 4055 1235 4110 sed
1247 4070 1276 4110 et
1287 4059 1344 4130 regi
1355 4077 1464 4130 spoposr

414 4130 482 4184 Plut.
491 4131 518 4183 in
527 4133 593 4198 vita,
606 4133 702 4187 AElian.
711 4135 752 4200 11,
763 4153 807 4186 rs.
817 4136 917 4186 —No·
959 4134 1012 4199 dit.
1022 4137 1093 4200 sore,
1105 4149 1134 4190 ut
1148 4138 1236 4190 omnis
1248 4137 1353 4191 Graecis
1364 4137 1463 4206 subige·

414 4223 469 4262 mm.
485 4209 552 4263 Nam
568 4231 582 4264 s
597 4225 671 4283 patre
684 4211 855 4268 exheredatus
870 4227 917 4268 cst.
958 4216 1462 4286 retur,sisuumvelletoonsiliumsequi-
