3196 5122
381 515 453 588 232
564 513 790 584 VALERII
824 511 1035 581 MAXIMI
1070 511 1165 580 LIB.
1193 513 1271 580 111.

725 741 964 832 CAPUT
1002 743 1113 831 VII.
1167 815 1173 820 .

588 877 590 882 i
640 953 975 1046 aestuamusque
993 959 1027 1022 a.
1042 923 1205 1020 nomas..

385 1147 406 1178 ι.
417 1131 445 1176 r.
463 1126 572 1189 sepau
582 1125 723 1184 mim·
741 1137 764 1171 2.
782 1111 810 1173 ὓ.
828 1123 937 1186 Scipione
953 1123 1093 1171 murman.
1104 1149 1136 1160 -
1148 1124 1171 1172 a.
1187 1125 1215 1168 n.
1230 1121 1315 1170 uuio·
1332 1122 1451 1184 snpra..

414 1223 462 1258 coe.
473 1231 506 1244 ·-·
515 1213 539 1262 4.
556 1207 592 1253 u.
606 1205 674 1252 Iisio
686 1204 815 1252 Salinatore
825 1219 873 1250 coe.
889 1227 922 1240 -
938 1204 960 1252 5.
976 1205 1004 1250 P.
1020 1205 1091 1252 Furio
1102 1203 1171 1250 Philo
1182 1217 1229 1250 eos.
1247 1227 1279 1238 —
1289 1201 1313 1248 6.
1326 1203 1354 1248 I..
1366 1202 1452 1250 Licinio

416 1289 500 1336 cnseo
511 1300 604 1348 procos
618 1308 651 1321 -
662 1299 685 1344 7.
700 1284 735 1332 u.
752 1283 841 1330 Catone
854 1283 945 1344 Maiore
958 1298 1009 1330 reo.
1021 1309 1053 1320 —
1066 1283 1088 1330 8.
1100 1284 1135 1330 u.
1149 1281 1251 1330 Iunius
1268 1283 1355 1330 Βοιωυ
1365 1297 1413 1330 reo.
1423 1305 1452 1318 -

417 1385 441 1434 9.
452 1369 487 1418 u.
499 1365 602 1416 Antonio
614 1375 713 1414 oratore.
724 1389 757 1402 ·-
771 1379 808 1410 ro.
819 1363 907 1413 Senatu
917 1378 1022 1412 mmo.
1033 1389 1066 1400 -
1083 1377 1119 1410 rr.
1130 1364 1157 1410 1.
1170 1361 1244 1410 Accio
1255 1371 1335 1424 poete.

641 1519 825 1611 Defiducia
842 1525 894 1590 sui
907 1545 982 1613 quae
998 1525 1032 1588 in
1046 1523 1210 1588 Extemis.

390 1701 413 1732 a.
431 1682 544 1746 Euripide
559 1691 636 1746 poeta.
654 1707 686 1718 -·
697 1697 719 1728 a.
731 1679 871 1744 Antigenide
891 1681 996 1728 tibicine.
1012 1705 1045 1718 -
1061 1681 1084 1728 3.
1098 1681 1176 1728 Zenxe
1190 1681 1288 1742 plotone.
1300 1703 1333 1716 -
1345 1685 1367 1734 a.
1378 1637 1455 1724 Phidia

417 1764 543 1828 scalptore.
559 1783 591 1804 ψ·
607 1763 629 1810 5.
647 1761 810 1824 Epaminonda
832 1761 943 1808 thebano.
965 1786 997 1797 -
1016 1759 1039 1808 6.
1055 1759 1186 1809 IIennIhrle
1204 1775 1281 1822 pono.
1297 1783 1329 1797 -
1349 1775 1372 1820 p.
1387 1759 1454 1816 Cotye

419 1843 537 1892 mmm
550 1857 612 1906 rege.
623 1839 1244 1903 -8.Antroclide,1euuide,etdgide,spertanis.

469 2115 473 2124 ι
547 2037 600 2092 DE
623 2036 798 2092 FIDUCIA
821 2034 889 2091 SUI
913 2033 1008 2101 QUAE
1031 2034 1077 2090 IN
1100 2031 1301 2090 ROMANIS.

444 2217 510 2288 Sed
529 2217 618 2308 hac,
636 2232 735 2312 atque
748 2218 800 2288 his
815 2215 948 2305 similia,
962 2216 1094 2286 virtutis
1109 2213 1232 2310 aliquid
1250 2213 1313 2284 sibi
1332 2214 1368 2282 in
1383 2237 1456 2282 con·

389 2323 566 2396 suetudine
590 2323 746 2393 novanda
776 2323 914 2395 licentia*
943 2323 1102 2394 sumentis
1126 2321 1247 2390 indicia
1275 2333 1363 2390 sunt.
1394 2317 1457 2388 Illis

389 2443 518 2516 autem,
537 2453 611 2525 quae
634 2430 790 2524 deinceps
811 2431 1021 2518 subnectam,
1045 2442 1204 2524 quantam
1230 2427 1281 2498 sui
1304 2425 1456 2497 fiduciam

391 2535 515 2604 habere
536 2533 658 2624 soleat,
680 2535 933 2629 cognoscetur¹.

451 2691 480 2739 1.
495 2671 532 2738 P.
547 2681 581 2737 et
593 2669 657 2738 Cn.
672 2666 899 2764 Scipionibus¹
912 2670 948 2738 in
962 2668 1122 2764 Hispania
1137 2693 1214 2738 cum
1227 2667 1355 2762 majore
1368 2679 1457 2763 parte

393 2775 556 2845 exercitus
569 2773 612 2842 ab
624 2776 695 2844 acie
708 2777 831 2870 punica
846 2776 1031 2872 oppressis,
1050 2775 1270 2869 omnibusque
1281 2775 1458 2870 provinciae

392 2882 464 2976 ejus
475 2881 663 2951 nationibus
670 2881 994 2976 Carthaginiensium
1007 2883 1187 2952 amicitiam
1196 2881 1344 2976 sequutis
1352 2935 1362 2968 ,
1371 2877 1459 2950 nullo

393 2989 518 3060 dueum
545 3002 736 3057 nostrorum
761 2987 839 3058 illuc
870 2989 913 3062 ad
938 2987 1169 3082 corrigendam
1196 3012 1268 3058 rem
1298 2987 1459 3084 proficisci

394 3093 553 3184 audente,
565 3095 601 3163 P.
621 3095 752 3190 Scipio,
769 3109 926 3190 quartum
944 3110 978 3166 et
996 3096 1191 3166 vicesimum
1205 3118 1330 3165 annum
1348 3119 1460 3190 agens,

440 3317 467 3352 1.
487 3297 541 3354 ltus
552 3309 670 3352 autem...
681 3309 844 3368 cognoscetur.
853 3297 908 3364 Qui
994 3317 1020 3351 a.
1037 3299 1071 3350 P.
1082 3309 1107 3350 et
1121 3297 1168 3352 Cn.
1183 3295 1343 3368 Scipionibus.
1360 3297 1413 3350 An.
1428 3296 1459 3349 ll.

397 3379 498 3432 viribus
517 3379 571 3432 enin
597 3376 708 3434 timidus
729 3376 850 3443 diffidit,
869 3377 908 3432 nil
955 3377 1008 3441 541
1025 3409 1066 3421 -
1082 3375 1353 3432 66.Videndus1.iv.
1369 3375 1460 3437 XXV,

396 3458 452 3511 fere
465 3459 555 3530 magni
568 3469 646 3530 etque
656 3454 765 3529 gloriosi
779 3457 908 3530 perficiet.
952 3457 1064 3521 XXVI,
1076 3457 1185 3522 XXIX,
1200 3457 1295 3521 XXX,
1307 3455 1460 3508 XXXVIII.

378 3533 382 3548 '
396 3535 440 3590 Ad
454 3557 497 3591 ree
504 3557 611 3610 magnae
621 3535 782 3609 peragendae
794 3555 861 3608 opus
870 3549 910 3590 cst
953 3535 1019 3590 vid.
1029 3536 1109 3590 etiam
1119 3537 1215 3610 Polyb.
1224 3536 1360 3590 Ammian.
1375 3534 1460 3590 aurel

397 3615 512 3687 quedam
540 3617 639 3671 fidncia
669 3618 698 3670 In
727 3617 828 3670 viribus
856 3617 910 3670 suis
954 3616 1027 3670 vice.
1040 3630 1067 3670 et
1080 3616 1150 3670 Gell.
1165 3649 1205 3662 --
1220 3617 1297 3670 Nullo
1310 3617 1398 3670 ᾰιιεωιι
1399 3652 1460 3670 .......

398 3695 538 3766 ponende,
553 3697 689 3752 moderna
711 3710 817 3763 temen,
830 3716 865 3750 ne
880 3695 909 3749 in
953 3696 1063 3750 audente.
1087 3697 1138 3750 Die
1162 3696 1334 3752 comitiorum
1362 3693 1461 3759 edicto,

398 3775 574 3830 temeritatem
600 3791 627 3832 et
645 3777 756 3832 nimiam
783 3796 910 3848 arrogen-
954 3795 1020 3831 cose.
1041 3788 1283 3849 exspectaverunt,
1301 3789 1348 3839 nt,
1374 3776 1420 3848 qni
1436 3791 1461 3826 se

398 3855 464 3908 tiam
476 3853 627 3929 degeneret.
636 3857 753 3915 Plurima
764 3869 851 3929 potest
862 3857 909 3929 qui
953 3857 1067 3929 imperio
1081 3856 1176 3929 dignos
1188 3869 1341 3922 censerent,
1358 3855 1463 3926 nomine

399 3933 464 3988 velit
478 3937 566 4003 serio,
578 3935 641 3990 licet
655 3955 710 3992 non
722 3939 821 3991 omniu.
835 3937 910 3990 Hanc
953 3937 1156 4008 profiterentur;
1172 3956 1256 4010 φιιιιιι
1270 3954 1337 3989 vero
1351 3945 1463 3990 tacerent

398 4013 524 4070 fiduciam
530 4015 745 4089 dantprudentia
754 4037 856 4084 ‚rerum
863 4032 910 4089 pe-
954 4035 1063 4082 0muee,
1076 4029 1168 4072 musta
1180 4017 1272 4071 civitas
1285 4028 1312 4070 et
1323 4015 1402 4088 inops
1415 4013 1462 4068 fuit

398 4094 476 4161 ritis,
488 4097 530 4149 eni
555 4096 637 4167 ipsius
659 4097 795 4169 cognitio,
810 4099 911 4160 virtue,
953 4097 1073 4159 consilii,
1084 4116 1169 4170 usque
1181 4097 1246 4152 dum
1258 4109 1380 4168 surgeret
1392 4097 1461 4168 juve·

398 4174 524 4246 probitas.
954 4177 995 4230 nir
1008 4176 1106 4248 Scipio.
