3196 5122
299 523 405 593 CAP.
440 523 502 608 Il,
529 521 597 588 DE
632 519 1016 588 FORTITUDINE.
1117 519 1188 615 189

126 622 283 753 ignorat3
306 653 447 725 fortunas
472 651 687 723 succumbere
709 652 833 720 tristius
860 650 952 721 ducit
977 653 1067 720 omni
1091 652 1159 722 Into
1180 679 1189 736 3

126 787 215 833 nova
236 777 270 832 et
290 764 436 857 speciosa
457 783 579 854 genera
600 759 750 827 interitus
771 759 952 853 excogitat,
971 757 997 826 si
1016 759 1188 854 quisquam

127 871 260 956 interit,
273 870 329 963 qui
344 869 390 938 sic
404 867 631 960 exstinguitur.

183 1001 215 1074 8.
229 997 446 1070 Reddendus¹
457 1013 507 1068 est
515 1023 605 1066 nunc
614 1021 759 1066 romanae
768 997 934 1092 juventuti
944 995 1074 1067 debitus
1083 997 1189 1070 honos

128 1124 162 1178 et
173 1107 284 1204 glorios
295 1105 424 1192 titulus,
437 1129 528 1200 quoe,
539 1105 577 1173 C.
590 1105 785 1198 Sempronio
797 1103 949 1172 Atratino
961 1101 1094 1173 consule
1113 1129 1189 1174 cum

126 1215 259 1284 Volscis
274 1213 360 1309 apud
383 1211 604 1305 Verruginem
623 1233 741 1306 parum
760 1234 919 1304 prospere
939 1209 1130 1298 dimicante,
1149 1237 1190 1282 ne

128 1323 216 1390 acies
234 1333 347 1389 nostra
358 1319 427 1413 jam
443 1316 598 1386 inclinata
613 1313 872 1412 propelleretur,
886 1317 977 1412 equis
993 1315 1143 1411 delapso,
1155 1343 1190 1388 se

128 1428 234 1522 ipsam
252 1425 462 1512 centonavit,
484 1438 583 1518 atque
598 1421 742 1491 hostium
762 1424 942 1490 exercitum
964 1423 1091 1518 irrupit.
1112 1423 1189 1514 Quo

128 1533 256 1602 dimoto
271 1531 294 1619 ²,
316 1532 504 1626 proximum
525 1527 690 1597 tumulum
711 1529 906 1622 occupavit,
928 1528 1124 1624 ellecitque,
1154 1547 1190 1602 ut

128 1643 237 1709 omnis
252 1635 453 1707 Volscorum
472 1638 556 1703 inse
577 1659 756 1703 conversus
770 1636 910 1730 impetus
929 1631 1112 1729 legionibus
1132 1661 1190 1706 no·

128 1748 205 1815 stris
223 1745 266 1814 ad
280 1741 524 1813 confirmandos
540 1743 667 1809 animos
689 1739 829 1826 salutare
850 1738 1072 1809 laxamentum
1087 1739 1191 1812 daret.

128 1854 248 1946 Itaque
260 1875 361 1944 quum
377 1849 446 1942 jam
463 1847 504 1915 de
521 1849 653 1940 tropaeis
659 1831 869 1914 ³statuendis
883 1847 1085 1965 cogitarent,
1109 1873 1191 1943 prae·

128 1957 213 2026 lium
233 1969 330 2026 nocte
355 1954 544 2042 dirimente,
571 1953 771 2038 victoresne,
801 1975 844 2018 an
868 1952 949 2021 victi
970 1951 1193 2046 discederent,
1258 2001 1261 2010 -

128 2063 250 2132 in'certi
269 2060 428 2129 abierunt.

132 2272 183 2318 eo,
197 2271 279 2325 quem
292 2249 382 2304 laudat
395 2261 498 2315 auctor,
506 2249 543 2302 C.
555 2251 642 2303 Atilio.
688 2249 842 2304 auctoritate
854 2251 981 2304 nitantur.
995 2251 1068 2323 Pigb.
1087 2271 1193 2326 quoque

132 2333 229 2404 Neque
250 2331 321 2384 euim
339 2331 395 2404 pati
411 2330 514 2402 potuit,
529 2330 645 2382 amilite
687 2331 724 2382 sic
740 2328 831 2383 edidit.
853 2331 966 2384 Torren.
982 2343 1009 2384 et
1031 2333 1118 2406 Kapp.
1135 2332 1192 2388 edi·

131 2412 330 2464 barbsmsuam
343 2407 535 2462 contumeliose
545 2406 645 2461 demul·
686 2405 764 2462 dere:
774 2410 865 2462 debitur
876 2411 963 2480 gloria
976 2411 1067 2464 titulos.
1078 2413 1192 2464 *Ver-

133 2492 198 2545 ceri.
206 2493 245 2544 Ac
255 2488 490 2562 quamvisllsler
482 2507 510 2540 ιιι
522 2506 579 2560 cap.
589 2507 643 2560 seq.
687 2492 801 2580 ruginem.
812 2489 915 2542 Nomen
923 2487 1016 2562 oppidi
1024 2491 1191 2562 Volscorum

133 2565 644 2642 laudetpatiemicrn‚nonlaudattamen
686 2571 760 2640 cujus
779 2587 813 2621 ne
830 2569 939 2640 vestigia
957 2568 1066 2642 quidem
1081 2535 1193 2644 ampliui

130 2655 274 2722 μήιιιιιλιιιι
287 2649 434 2702 contumeliae
443 2647 644 2720 sivepotientiam
688 2659 797 2701 exstant.
805 2648 966 2721 -Seipsam
975 2655 1129 2706 emturiovit:
1139 2653 1156 2705 i.
1168 2673 1190 2707 e.

135 2742 243 2802 turpem
258 2727 331 2802 quod
342 2727 413 2781 idem
427 2739 479 2794 est,
493 2745 523 2780 ac
538 2727 560 2779 si
572 2724 644 2780 dicas
686 2727 714 2780 in
728 2729 858 2782 centurias
869 2727 991 2800 peditum
1005 2749 1032 2783 se
1047 2730 1192 2786 distribuit.

132 2813 257 2880 patientie
271 2809 378 2862 dedens.
395 2807 483 2880 Kapp.
499 2807 560 2860 leet.
572 2807 644 2878 vulg.
687 2807 1193 2880 Nameemuriereestpeditumdecuria·

136 2887 280 2943 defendere
298 2901 432 2952 conatur,
449 2886 515 2939 dum
531 2885 583 2950 ait,
597 2905 645 2938 ro·
687 2907 712 2938 re
723 2886 851 2958 equitum.
866 2889 977 2941 cttiv.
992 2889 1087 2954 XXII,
1099 2891 1152 2954 38,
1166 2893 1190 2944 3.

135 2987 195 3022 cem
205 2973 323 3040 potienda
341 2987 396 3021 non
417 2985 472 3020 esse
487 2983 577 3019 essum
589 2965 645 3037 pri·
686 2967 766 3026 Multi
779 2963 858 3020 codd.
876 2966 950 3020 MSS.
966 2968 1064 3022 babent
1078 2989 1103 3020 se
1124 2973 1193 3040 ipsa,

135 3065 227 3114 mom,
245 3047 292 3102 sed
312 3059 532 3118 aestuamusque
554 3043 588 3098 ad
606 3063 647 3098 se·
688 3047 820 3118 eleganter
834 3065 884 3118 pro
899 3067 925 3098 se
941 3049 1025 3118 psam.
1042 3079 1082 3090 --
1095 3049 1193 3118 Irrupit.

135 3129 245 3200 quentia
265 3129 414 3200 pertinere,
434 3124 480 3180 sed
501 3123 535 3178 ad
548 3141 646 3196 prece·
688 3125 764 3197 Pigh.
778 3126 872 3180 maluit
885 3129 964 3198 rupit,
980 3145 1092 3199 eumque
1107 3129 1194 3182 Coler.

135 3207 246 3273 dentis,
258 3207 296 3260 ita
310 3219 341 3260 ut
355 3205 445 3258 Vsler.
459 3204 578 3259 dixerit:
595 3204 646 3258 Co·
689 3224 719 3259 sc
732 3207 816 3278 Thys.
831 3207 935 3279 sequuti
950 3219 1021 3261 sunt.
1036 3208 1103 3261 Sane
1123 3208 1194 3260 inso-

131 3291 163 3358 pi
179 3305 238 3356 ergo
249 3291 326 3338 ιιιιιιι
341 3289 560 3357 reseitpetierrtie.
557 3303 563 3317 ·
578 3284 648 3336 dede·
688 3286 785 3339 leutius
808 3285 888 3358 paulo
903 3299 959 3354 est,
973 3289 1087 3342 verbum
1109 3291 1194 3340 irrum-

134 3385 180 3418 au
199 3369 316 3435 Ignorat:
338 3365 357 3417 i.
380 3383 404 3417 e.
428 3363 496 3418 nihil
516 3361 645 3423 admittit,
686 3383 743 3436 pere
760 3384 821 3419 com
835 3377 928 3438 quarto
943 3385 1005 3420 casu
1020 3368 1076 3420 sine
1091 3385 1195 3440 prepo-

135 3442 215 3518 quod
226 3443 276 3498 sibi
289 3441 412 3496 dedecori
422 3445 464 3497 sit.
473 3441 574 3495 Aliter'
567 3443 648 3512 igitur
689 3445 786 3499 sitione
800 3464 915 3524 ponere;
927 3447 1045 3518 exempla
1060 3460 1147 3500 tamen
1158 3448 1197 3501 vi·

135 3526 295 3596 interpungr
287 3521 404 3576 debere
418 3533 548 3586 autumat,
561 3539 648 3594 neqrm
690 3523 808 3598 desisap
816 3526 897 3579 Drsk.
909 3525 996 3580 adSil.
1005 3527 1064 3580 Ital.
1076 3527 1104 3580 11
1113 3529 1195 3598 ‚378.

136 3618 231 3658 tamen
240 3614 340 3656 textum
351 3603 650 3674 mutatainterpnnctio·
733 3625 758 3658 s.
780 3605 887 3658 Dimoto.
904 3605 991 3659 Codd.
1007 3607 1107 3679 aliquot
1120 3607 1198 3660 demo·

137 3703 174 3738 ne
194 3679 353 3736 emendavit.
374 3681 537 3735 Pretulerim
551 3685 648 3753 potien-
692 3697 732 3747 to‚·
746 3687 833 3738 minus
847 3685 923 3739 bene.
940 3687 1008 3738 Nam
1029 3687 1147 3741 demovere
1160 3702 1197 3742 est

140 3769 196 3824 tia,
210 3763 233 3816 si
246 3762 354 3815 essetin
367 3759 444 3814 codd.
459 3761 648 3833 compluribus
692 3763 847 3836 depellere,
875 3765 991 3818 dimovere
1017 3785 1196 3840 perrumpere.

183 3861 208 3896 ι.
223 3841 375 3894 Reddendus.
389 3843 439 3893 An.
456 3841 492 3894 U
510 3841 576 3894 ³30.
589 3843 649 3896 Lir
692 3843 891 3916 Sepiusautem
900 3847 1094 3916 priusverbum
1107 3867 1200 3902 corru-

139 3921 192 3988 tv,
209 3923 245 3975 38
257 3939 399 3993 ‚.-seq
358 3919 507 3974 -ὲ-Ηοιιω
520 3931 544 3971 et
564 3921 650 3990 glorie
691 3935 768 3995 ptum
782 3941 837 3976 esse
857 3925 884 3976 in
905 3927 1049 3996 posterius,
1065 3929 1092 3980 in
1108 3929 1201 4000 vulgus

141 4003 233 4056 ιιιιιΙιιι.
248 3999 311 4054 lIec
325 4003 406 4056 rerba
421 3998 573 4072 recipienda
589 4019 649 4054 een·
693 4015 788 4056 uotum
801 4015 848 4056 est.
858 4005 1086 4062 -Laramerrtnm
1101 4009 1200 4062 Remis-

142 4081 356 4152 suerim,quum,
366 4081 428 4134 licet
440 4077 649 4135 absintinoodd.
694 4084 795 4136 sionem
811 4103 914 4155 pugne.

142 4157 240 4214 Brund
255 4161 367 4218 ιΙιοιιιιιι
378 4173 467 4213 tamen
479 4159 556 4232 prob.
572 4157 649 4214 codd.
738 4163 763 4216 3.
789 4164 904 4234 Tropoeis
931 4165 971 4219 De
984 4165 1026 4220 his
1048 4167 1102 4222 vid
1125 4187 1203 4240 supra
