<?xml version="1.0" encoding="UTF-8"?>
<!DOCTYPE html PUBLIC "-//W3C//DTD XHTML 1.0 Transitional//EN"
    "http://www.w3.org/TR/xhtml1/DTD/xhtml1-transitional.dtd">
<html xmlns="http://www.w3.org/1999/xhtml" xml:lang="en" lang="en">
 <head>
  <title>
</title>
<meta http-equiv="Content-Type" content="text/html;charset=utf-8" />
  <meta name='ocr-system' content='tesseract 3.04.00' />
  <meta name='ocr-capabilities' content='ocr_page ocr_carea ocr_par ocr_line ocrx_word'/>
</head>
<body>
  <div class='ocr_page' id='page_1' title='image "./valeriusmaximus01lykogoog_0372.png"; bbox 0 0 3190 5122; ppageno 0'>
   <div class='ocr_carea' id='block_1_1' title="bbox 272 511 1180 614">
    <p class='ocr_par' dir='ltr' id='par_1_1' title="bbox 272 511 1180 614">
     <span class='ocr_line' id='line_1_1' title="bbox 272 511 1180 614; baseline -0.006 -31"><span class='ocrx_word' id='word_1_1' title='bbox 272 514 378 583; x_wconf 76' lang='lat' dir='ltr'>cir.</span> <span class='ocrx_word' id='word_1_2' title='bbox 403 515 435 600; x_wconf 90' lang='lat'>1,</span> <span class='ocrx_word' id='word_1_3' title='bbox 462 513 530 580; x_wconf 83' lang='lat' dir='ltr'>nu</span> <span class='ocrx_word' id='word_1_4' title='bbox 559 511 762 580; x_wconf 81' lang='lat' dir='ltr'>uunsu.</span> <span class='ocrx_word' id='word_1_5' title='bbox 790 513 854 580; x_wconf 79' lang='lat' dir='ltr'>nr</span> <span class='ocrx_word' id='word_1_6' title='bbox 882 513 1038 582; x_wconf 75' lang='lat' dir='ltr'>canu.</span> <span class='ocrx_word' id='word_1_7' title='bbox 1108 515 1180 614; x_wconf 67' lang='lat'>347</span> 
     </span>
    </p>
   </div>
   <div class='ocr_carea' id='block_1_2' title="bbox 115 642 1185 2012">
    <p class='ocr_par' dir='ltr' id='par_1_2' title="bbox 115 642 1185 2012">
     <span class='ocr_line' id='line_1_2' title="bbox 121 642 1185 734; baseline 0.005 -19"><span class='ocrx_word' id='word_1_8' title='bbox 121 647 344 716; x_wconf 83' lang='lat' dir='ltr'>intermunus</span> <span class='ocrx_word' id='word_1_9' title='bbox 370 659 436 732; x_wconf 82' lang='lat' dir='ltr'>est,</span> <span class='ocrx_word' id='word_1_10' title='bbox 460 643 590 734; x_wconf 77' lang='lat' dir='ltr'>finiam.</span> <span class='ocrx_word' id='word_1_11' title='bbox 621 642 802 712; x_wconf 81' lang='lat' dir='ltr'>Hannibal&#39;</span> <span class='ocrx_word' id='word_1_12' title='bbox 826 647 914 714; x_wconf 85' lang='lat' dir='ltr'>enirn</span> <span class='ocrx_word' id='word_1_13' title='bbox 939 646 1059 717; x_wconf 85' lang='lat' dir='ltr'>AEmilii</span> <span class='ocrx_word' id='word_1_14' title='bbox 1080 649 1185 720; x_wconf 88' lang='lat' dir='ltr'>Paulli</span> 
     </span>
     <span class='ocr_line' id='line_1_3' title="bbox 121 751 1184 851; baseline 0.005 -30"><span class='ocrx_word' id='word_1_15' title='bbox 121 754 209 848; x_wconf 87' lang='lat' dir='ltr'>apud</span> <span class='ocrx_word' id='word_1_16' title='bbox 228 757 359 822; x_wconf 88' lang='lat' dir='ltr'>Cannas</span> <span class='ocrx_word' id='word_1_17' title='bbox 373 751 526 822; x_wconf 87' lang='lat' dir='ltr'>trucidati</span> <span class='ocrx_word' id='word_1_18' title='bbox 539 753 711 845; x_wconf 80' lang='lat' dir='ltr'>quaesitum</span> <span class='ocrx_word' id='word_1_19' title='bbox 730 776 867 845; x_wconf 84' lang='lat' dir='ltr'>corpus,</span> <span class='ocrx_word' id='word_1_20' title='bbox 885 769 1044 846; x_wconf 89' lang='lat' dir='ltr'>quantum</span> <span class='ocrx_word' id='word_1_21' title='bbox 1063 757 1184 851; x_wconf 89' lang='lat' dir='ltr'>inipso</span> 
     </span>
     <span class='ocr_line' id='line_1_4' title="bbox 120 860 1183 953; baseline 0.002 -24"><span class='ocrx_word' id='word_1_22' title='bbox 120 860 196 945; x_wconf 82' lang='lat' dir='ltr'>fuit,</span> <span class='ocrx_word' id='word_1_23' title='bbox 216 861 423 928; x_wconf 85' lang='lat' dir='ltr'>inhumatum</span> <span class='ocrx_word' id='word_1_24' title='bbox 444 860 553 952; x_wconf 88' lang='lat' dir='ltr'>jacere</span> <span class='ocrx_word' id='word_1_25' title='bbox 573 881 689 953; x_wconf 89' lang='lat' dir='ltr'>passus</span> <span class='ocrx_word' id='word_1_26' title='bbox 711 872 864 928; x_wconf 88' lang='lat' dir='ltr'>nonest:</span> <span class='ocrx_word' id='word_1_27' title='bbox 884 860 1049 930; x_wconf 83' lang='lat' dir='ltr'>Hannibal</span> <span class='ocrx_word' id='word_1_28' title='bbox 1071 864 1183 931; x_wconf 86' lang='lat' dir='ltr'><strong>Titum</strong></span> 
     </span>
     <span class='ocr_line' id='line_1_5' title="bbox 120 965 1180 1056; baseline 0.006 -23"><span class='ocrx_word' id='word_1_29' title='bbox 120 967 311 1035; x_wconf 81' lang='lat' dir='ltr'>Gracchum</span> <span class='ocrx_word' id='word_1_30' title='bbox 326 965 354 1052; x_wconf 87' lang='lat'>²,</span> <span class='ocrx_word' id='word_1_31' title='bbox 383 969 594 1035; x_wconf 81' lang='lat' dir='ltr'><strong>Lucanorum</strong></span> <span class='ocrx_word' id='word_1_32' title='bbox 623 967 886 1034; x_wconf 86' lang='lat' dir='ltr'>circumventum</span> <span class='ocrx_word' id='word_1_33' title='bbox 921 965 1069 1056; x_wconf 83' lang='lat' dir='ltr'>insidiis,</span> <span class='ocrx_word' id='word_1_34' title='bbox 1105 994 1180 1038; x_wconf 87' lang='lat' dir='ltr'>cum</span> 
     </span>
     <span class='ocr_line' id='line_1_6' title="bbox 120 1071 1181 1168; baseline 0.005 -29"><span class='ocrx_word' id='word_1_35' title='bbox 120 1097 250 1141; x_wconf 88' lang='lat' dir='ltr'>sunnno</span> <span class='ocrx_word' id='word_1_36' title='bbox 272 1073 400 1142; x_wconf 89' lang='lat' dir='ltr'>honore</span> <span class='ocrx_word' id='word_1_37' title='bbox 422 1071 598 1166; x_wconf 84' lang='lat' dir='ltr'>sepulturae</span> <span class='ocrx_word' id='word_1_38' title='bbox 621 1072 807 1157; x_wconf 87' lang='lat' dir='ltr'>mandavit,</span> <span class='ocrx_word' id='word_1_39' title='bbox 822 1085 866 1139; x_wconf 75' lang='lat' dir='ltr'>ct</span> <span class='ocrx_word' id='word_1_40' title='bbox 885 1096 959 1140; x_wconf 86' lang='lat' dir='ltr'>ossa</span> <span class='ocrx_word' id='word_1_41' title='bbox 977 1073 1046 1165; x_wconf 86' lang='lat' dir='ltr'>ejus</span> <span class='ocrx_word' id='word_1_42' title='bbox 1066 1075 1101 1142; x_wconf 92' lang='lat' dir='ltr'>in</span> <span class='ocrx_word' id='word_1_43' title='bbox 1121 1099 1181 1168; x_wconf 86' lang='lat' dir='ltr'>pa-</span> 
     </span>
     <span class='ocr_line' id='line_1_7' title="bbox 120 1176 1183 1274; baseline 0.003 -27"><span class='ocrx_word' id='word_1_44' title='bbox 120 1181 215 1247; x_wconf 84' lang='lat' dir='ltr'>triam</span> <span class='ocrx_word' id='word_1_45' title='bbox 226 1179 388 1274; x_wconf 87' lang='lat' dir='ltr'>portanda</span> <span class='ocrx_word' id='word_1_46' title='bbox 404 1178 559 1248; x_wconf 86' lang='lat' dir='ltr'>militibus</span> <span class='ocrx_word' id='word_1_47' title='bbox 572 1179 693 1247; x_wconf 89' lang='lat' dir='ltr'>nostris</span> <span class='ocrx_word' id='word_1_48' title='bbox 708 1177 855 1248; x_wconf 85' lang='lat' dir='ltr'>tradidit:</span> <span class='ocrx_word' id='word_1_49' title='bbox 867 1176 1032 1247; x_wconf 78' lang='lat' dir='ltr'>Hannibal</span> <span class='ocrx_word' id='word_1_50' title='bbox 1042 1181 1183 1250; x_wconf 89' lang='lat' dir='ltr'>M.Mar-</span> 
     </span>
     <span class='ocr_line' id='line_1_8' title="bbox 119 1272 1182 1381; baseline 0.004 -29"><span class='ocrx_word' id='word_1_51' title='bbox 119 1272 260 1354; x_wconf 82' lang='lat' dir='ltr'>cellu1n³</span> <span class='ocrx_word' id='word_1_52' title='bbox 281 1289 315 1354; x_wconf 94' lang='lat' dir='ltr'>in</span> <span class='ocrx_word' id='word_1_53' title='bbox 331 1311 412 1381; x_wconf 82' lang='lat' dir='ltr'>agro</span> <span class='ocrx_word' id='word_1_54' title='bbox 432 1286 564 1370; x_wconf 79' lang='lat' dir='ltr'>Brurio,</span> <span class='ocrx_word' id='word_1_55' title='bbox 581 1284 660 1352; x_wconf 90' lang='lat' dir='ltr'>dum</span> <span class='ocrx_word' id='word_1_56' title='bbox 684 1299 821 1354; x_wconf 85' lang='lat' dir='ltr'>conatus</span> <span class='ocrx_word' id='word_1_57' title='bbox 840 1287 1018 1354; x_wconf 87' lang='lat' dir='ltr'>Poenorum</span> <span class='ocrx_word' id='word_1_58' title='bbox 1033 1287 1182 1380; x_wconf 89' lang='lat' dir='ltr'>cupidius</span> 
     </span>
     <span class='ocr_line' id='line_1_9' title="bbox 118 1389 1182 1486; baseline 0.005 -28"><span class='ocrx_word' id='word_1_59' title='bbox 118 1417 217 1484; x_wconf 83' lang='lat' dir='ltr'>quarn</span> <span class='ocrx_word' id='word_1_60' title='bbox 245 1393 481 1462; x_wconf 84' lang='lat' dir='ltr'>consideratius</span> <span class='ocrx_word' id='word_1_61' title='bbox 510 1389 723 1485; x_wconf 74' lang='lat' dir='ltr'>speculatur,</span> <span class='ocrx_word' id='word_1_62' title='bbox 757 1392 1011 1484; x_wconf 86' lang='lat' dir='ltr'>interemptum,</span> <span class='ocrx_word' id='word_1_63' title='bbox 1037 1389 1182 1486; x_wconf 84' lang='lat' dir='ltr'>legitimo</span> 
     </span>
     <span class='ocr_line' id='line_1_10' title="bbox 115 1495 1181 1593; baseline 0.004 -29"><span class='ocrx_word' id='word_1_64' title='bbox 115 1498 190 1590; x_wconf 86' lang='lat' dir='ltr'>jure</span> <span class='ocrx_word' id='word_1_65' title='bbox 204 1499 335 1585; x_wconf 86' lang='lat' dir='ltr'>extulit,</span> <span class='ocrx_word' id='word_1_66' title='bbox 355 1501 543 1593; x_wconf 88' lang='lat' dir='ltr'>punicoque</span> <span class='ocrx_word' id='word_1_67' title='bbox 555 1495 687 1590; x_wconf 86' lang='lat' dir='ltr'>sagulo,</span> <span class='ocrx_word' id='word_1_68' title='bbox 701 1510 734 1566; x_wconf 89' lang='lat' dir='ltr'>et</span> <span class='ocrx_word' id='word_1_69' title='bbox 749 1519 871 1565; x_wconf 86' lang='lat' dir='ltr'>corona</span> <span class='ocrx_word' id='word_1_70' title='bbox 884 1497 1042 1566; x_wconf 89' lang='lat' dir='ltr'>donatum</span> <span class='ocrx_word' id='word_1_71' title='bbox 1055 1497 1181 1583; x_wconf 83' lang='lat' dir='ltr'>laurea,</span> 
     </span>
     <span class='ocr_line' id='line_1_11' title="bbox 117 1603 1182 1700; baseline 0.004 -30"><span class='ocrx_word' id='word_1_72' title='bbox 117 1630 201 1699; x_wconf 82' lang='lat' dir='ltr'>rogo</span> <span class='ocrx_word' id='word_1_73' title='bbox 224 1607 388 1700; x_wconf 85' lang='lat' dir='ltr'>imposuit.</span> <span class='ocrx_word' id='word_1_74' title='bbox 415 1608 505 1698; x_wconf 86' lang='lat' dir='ltr'>Ergo</span> <span class='ocrx_word' id='word_1_75' title='bbox 526 1604 738 1672; x_wconf 87' lang='lat' dir='ltr'>humanitatis</span> <span class='ocrx_word' id='word_1_76' title='bbox 762 1603 902 1672; x_wconf 86' lang='lat' dir='ltr'>dulcedo</span> <span class='ocrx_word' id='word_1_77' title='bbox 922 1605 1020 1672; x_wconf 83' lang='lat' dir='ltr'>etiarn</span> <span class='ocrx_word' id='word_1_78' title='bbox 1042 1605 1075 1672; x_wconf 91' lang='lat' dir='ltr'>in</span> <span class='ocrx_word' id='word_1_79' title='bbox 1099 1604 1182 1674; x_wconf 85' lang='lat' dir='ltr'>elfe-</span> 
     </span>
     <span class='ocr_line' id='line_1_12' title="bbox 116 1699 1182 1804; baseline 0.003 -27"><span class='ocrx_word' id='word_1_80' title='bbox 116 1699 208 1778; x_wconf 73' lang='lat' dir='ltr'>rata⁴</span> <span class='ocrx_word' id='word_1_81' title='bbox 237 1711 454 1780; x_wconf 88' lang='lat' dir='ltr'>barbarorum</span> <span class='ocrx_word' id='word_1_82' title='bbox 478 1711 607 1804; x_wconf 83' lang='lat' dir='ltr'>ingenia</span> <span class='ocrx_word' id='word_1_83' title='bbox 628 1724 796 1803; x_wconf 83' lang='lat' dir='ltr'>penetrat,</span> <span class='ocrx_word' id='word_1_84' title='bbox 821 1724 999 1803; x_wconf 78' lang='lat' dir='ltr'>torvosque</span> <span class='ocrx_word' id='word_1_85' title='bbox 1019 1724 1053 1778; x_wconf 86' lang='lat' dir='ltr'>et</span> <span class='ocrx_word' id='word_1_86' title='bbox 1073 1725 1182 1780; x_wconf 88' lang='lat' dir='ltr'>truces</span> 
     </span>
     <span class='ocr_line' id='line_1_13' title="bbox 116 1815 1182 1911; baseline 0.003 -26"><span class='ocrx_word' id='word_1_87' title='bbox 116 1816 263 1885; x_wconf 87' lang='lat' dir='ltr'>hostium</span> <span class='ocrx_word' id='word_1_88' title='bbox 277 1816 383 1885; x_wconf 87' lang='lat' dir='ltr'>mollit</span> <span class='ocrx_word' id='word_1_89' title='bbox 399 1816 529 1904; x_wconf 88' lang='lat' dir='ltr'>oculos,</span> <span class='ocrx_word' id='word_1_90' title='bbox 548 1841 587 1886; x_wconf 87' lang='lat' dir='ltr'>ac</span> <span class='ocrx_word' id='word_1_91' title='bbox 599 1817 750 1903; x_wconf 68' lang='lat' dir='ltr'>¹victoriae</span> <span class='ocrx_word' id='word_1_92' title='bbox 765 1815 1032 1885; x_wconf 89' lang='lat' dir='ltr'>insolentissimos</span> <span class='ocrx_word' id='word_1_93' title='bbox 1049 1817 1182 1911; x_wconf 87' lang='lat' dir='ltr'>spiritus</span> 
     </span>
     <span class='ocr_line' id='line_1_14' title="bbox 115 1921 1180 2012; baseline 0.003 -22"><span class='ocrx_word' id='word_1_94' title='bbox 115 1923 238 2012; x_wconf 87' lang='lat' dir='ltr'>flectit;</span> <span class='ocrx_word' id='word_1_95' title='bbox 254 1947 315 1992; x_wconf 92' lang='lat' dir='ltr'>nec</span> <span class='ocrx_word' id='word_1_96' title='bbox 337 1923 382 1991; x_wconf 91' lang='lat' dir='ltr'>illi</span> <span class='ocrx_word' id='word_1_97' title='bbox 403 1923 544 1992; x_wconf 87' lang='lat' dir='ltr'>arduum</span> <span class='ocrx_word' id='word_1_98' title='bbox 565 1947 605 1991; x_wconf 87' lang='lat' dir='ltr'>ae</span> <span class='ocrx_word' id='word_1_99' title='bbox 626 1921 760 1992; x_wconf 87' lang='lat' dir='ltr'>difficile</span> <span class='ocrx_word' id='word_1_100' title='bbox 782 1937 848 2010; x_wconf 88' lang='lat' dir='ltr'>est,</span> <span class='ocrx_word' id='word_1_101' title='bbox 875 1923 960 1991; x_wconf 88' lang='lat' dir='ltr'>inter</span> <span class='ocrx_word' id='word_1_102' title='bbox 983 1947 1074 1992; x_wconf 86' lang='lat' dir='ltr'>arma</span> <span class='ocrx_word' id='word_1_103' title='bbox 1096 1948 1180 1993; x_wconf 90' lang='lat' dir='ltr'>con·</span> 
     </span>
    </p>
   </div>
   <div class='ocr_carea' id='block_1_3' title="bbox 111 2137 1182 4285">
    <p class='ocr_par' dir='ltr' id='par_1_3' title="bbox 115 2137 1182 2530">
     <span class='ocr_line' id='line_1_15' title="bbox 163 2137 1182 2209; baseline 0.001 -17"><span class='ocrx_word' id='word_1_104' title='bbox 163 2159 187 2192; x_wconf 87' lang='lat'>1.</span> <span class='ocrx_word' id='word_1_105' title='bbox 208 2139 348 2200; x_wconf 82' lang='lat' dir='ltr'>Hannibal,</span> <span class='ocrx_word' id='word_1_106' title='bbox 364 2151 414 2192; x_wconf 84' lang='lat' dir='ltr'>etc.</span> <span class='ocrx_word' id='word_1_107' title='bbox 428 2139 477 2192; x_wconf 76' lang='lat' dir='ltr'>An.</span> <span class='ocrx_word' id='word_1_108' title='bbox 492 2140 528 2191; x_wconf 91' lang='lat' dir='ltr'>U.</span> <span class='ocrx_word' id='word_1_109' title='bbox 551 2137 624 2209; x_wconf 79' lang='lat'><strong>537,</strong></span> <span class='ocrx_word' id='word_1_110' title='bbox 671 2141 715 2190; x_wconf 79' lang='lat' dir='ltr'>rto.</span> <span class='ocrx_word' id='word_1_111' title='bbox 736 2137 769 2189; x_wconf 91' lang='lat' dir='ltr'>In</span> <span class='ocrx_word' id='word_1_112' title='bbox 789 2137 884 2209; x_wconf 79' lang='lat' dir='ltr'>Apulia</span> <span class='ocrx_word' id='word_1_113' title='bbox 908 2139 960 2190; x_wconf 93' lang='lat' dir='ltr'>hoc</span> <span class='ocrx_word' id='word_1_114' title='bbox 984 2139 1082 2191; x_wconf 82' lang='lat' dir='ltr'>factum</span> <span class='ocrx_word' id='word_1_115' title='bbox 1101 2139 1182 2193; x_wconf 73' lang='lat' dir='ltr'>resen</span> 
     </span>
     <span class='ocr_line' id='line_1_16' title="bbox 120 2217 1181 2288; baseline 0.001 -16"><span class='ocrx_word' id='word_1_116' title='bbox 120 2220 193 2281; x_wconf 72' lang='lat'>541,</span> <span class='ocrx_word' id='word_1_117' title='bbox 217 2219 281 2282; x_wconf 73' lang='lat'>545.</span> <span class='ocrx_word' id='word_1_118' title='bbox 299 2219 362 2272; x_wconf 90' lang='lat' dir='ltr'>Vid.</span> <span class='ocrx_word' id='word_1_119' title='bbox 379 2220 437 2272; x_wconf 85' lang='lat' dir='ltr'><strong>Liv.</strong></span> <span class='ocrx_word' id='word_1_120' title='bbox 454 2219 550 2282; x_wconf 82' lang='lat' dir='ltr'>XXII,</span> <span class='ocrx_word' id='word_1_121' title='bbox 572 2220 624 2284; x_wconf 77' lang='lat'>52;</span> <span class='ocrx_word' id='word_1_122' title='bbox 668 2217 769 2272; x_wconf 85' lang='lat' dir='ltr'>Livius.</span> <span class='ocrx_word' id='word_1_123' title='bbox 789 2249 829 2260; x_wconf 89' lang='lat'>-</span> <span class='ocrx_word' id='word_1_124' title='bbox 849 2220 967 2286; x_wconf 76' lang='lat' dir='ltr'>Legitima</span> <span class='ocrx_word' id='word_1_125' title='bbox 982 2221 1046 2288; x_wconf 83' lang='lat' dir='ltr'>jure.</span> <span class='ocrx_word' id='word_1_126' title='bbox 1072 2219 1181 2273; x_wconf 85' lang='lat' dir='ltr'>Colerus</span> 
     </span>
     <span class='ocr_line' id='line_1_17' title="bbox 115 2297 1178 2368; baseline 0.003 -17"><span class='ocrx_word' id='word_1_127' title='bbox 115 2299 212 2363; x_wconf 83' lang='lat' dir='ltr'>XXV,</span> <span class='ocrx_word' id='word_1_128' title='bbox 228 2304 278 2365; x_wconf 78' lang='lat'>163</span> <span class='ocrx_word' id='word_1_129' title='bbox 294 2300 416 2361; x_wconf 86' lang='lat' dir='ltr'>XXVII,</span> <span class='ocrx_word' id='word_1_130' title='bbox 428 2303 462 2354; x_wconf 77' lang='lat'>28</span> <span class='ocrx_word' id='word_1_131' title='bbox 472 2321 479 2363; x_wconf 87' lang='lat'><strong>;</strong></span> <span class='ocrx_word' id='word_1_132' title='bbox 490 2299 624 2352; x_wconf 87' lang='lat' dir='ltr'>Plutarch.</span> <span class='ocrx_word' id='word_1_133' title='bbox 669 2297 776 2368; x_wconf 89' lang='lat' dir='ltr'>conjicit</span> <span class='ocrx_word' id='word_1_134' title='bbox 783 2297 1178 2367; x_wconf 66' lang='lat' dir='ltr'>legitimosunmfrustraMSS.</span> 
     </span>
     <span class='ocr_line' id='line_1_18' title="bbox 115 2375 1180 2449; baseline 0.001 -19"><span class='ocrx_word' id='word_1_135' title='bbox 115 2379 146 2430; x_wconf 88' lang='lat' dir='ltr'>in</span> <span class='ocrx_word' id='word_1_136' title='bbox 163 2380 252 2431; x_wconf 86' lang='lat' dir='ltr'>AEmil.</span> <span class='ocrx_word' id='word_1_137' title='bbox 274 2391 300 2431; x_wconf 84' lang='lat' dir='ltr'>et</span> <span class='ocrx_word' id='word_1_138' title='bbox 315 2379 431 2432; x_wconf 82' lang='lat' dir='ltr'>Marcell.</span> <span class='ocrx_word' id='word_1_139' title='bbox 446 2379 492 2431; x_wconf 89' lang='lat' dir='ltr'>Sil.</span> <span class='ocrx_word' id='word_1_140' title='bbox 509 2375 553 2445; x_wconf 84' lang='lat' dir='ltr'>X,</span> <span class='ocrx_word' id='word_1_141' title='bbox 568 2379 624 2449; x_wconf 87' lang='lat'>⁵7⁰</span> <span class='ocrx_word' id='word_1_142' title='bbox 669 2389 820 2430; x_wconf 80' lang='lat' dir='ltr'>constanter</span> <span class='ocrx_word' id='word_1_143' title='bbox 835 2378 1022 2448; x_wconf 56' lang='lat' dir='ltr'>retinentum,</span> <span class='ocrx_word' id='word_1_144' title='bbox 1040 2377 1068 2430; x_wconf 91' lang='lat' dir='ltr'>id</span> <span class='ocrx_word' id='word_1_145' title='bbox 1084 2391 1137 2444; x_wconf 84' lang='lat' dir='ltr'>est,</span> <span class='ocrx_word' id='word_1_146' title='bbox 1147 2380 1180 2431; x_wconf 75' lang='lat' dir='ltr'>le·</span> 
     </span>
     <span class='ocr_line' id='line_1_19' title="bbox 115 2456 1178 2530; baseline 0.001 -19"><span class='ocrx_word' id='word_1_147' title='bbox 115 2478 156 2530; x_wconf 89' lang='lat' dir='ltr'>sq.</span> <span class='ocrx_word' id='word_1_148' title='bbox 171 2459 325 2528; x_wconf 67' lang='lat' dir='ltr'>xl1,475;</span> <span class='ocrx_word' id='word_1_149' title='bbox 342 2458 397 2512; x_wconf 89' lang='lat' dir='ltr'>Cic.</span> <span class='ocrx_word' id='word_1_150' title='bbox 413 2460 470 2514; x_wconf 86' lang='lat' dir='ltr'>Cat.</span> <span class='ocrx_word' id='word_1_151' title='bbox 482 2459 544 2512; x_wconf 85' lang='lat' dir='ltr'>XX.</span> <span class='ocrx_word' id='word_1_152' title='bbox 666 2457 745 2526; x_wconf 70' lang='lat' dir='ltr'>gibau.</span> <span class='ocrx_word' id='word_1_153' title='bbox 762 2456 841 2510; x_wconf 88' lang='lat' dir='ltr'>Unde</span> <span class='ocrx_word' id='word_1_154' title='bbox 856 2471 948 2510; x_wconf 85' lang='lat' dir='ltr'>auctor</span> <span class='ocrx_word' id='word_1_155' title='bbox 968 2458 1116 2530; x_wconf 83' lang='lat' dir='ltr'>exprimere</span> <span class='ocrx_word' id='word_1_156' title='bbox 1129 2478 1178 2512; x_wconf 82' lang='lat' dir='ltr'>vo·</span> 
     </span>
    </p>

    <p class='ocr_par' dir='ltr' id='par_1_4' title="bbox 112 2531 1178 3485">
     <span class='ocr_line' id='line_1_20' title="bbox 159 2531 1178 2611; baseline 0 -19"><span class='ocrx_word' id='word_1_157' title='bbox 159 2559 184 2592; x_wconf 76' lang='lat' dir='ltr'>a·</span> <span class='ocrx_word' id='word_1_158' title='bbox 210 2541 249 2591; x_wconf 88' lang='grc' dir='ltr'><em>Τι’.</em></span> <span class='ocrx_word' id='word_1_159' title='bbox 268 2531 410 2592; x_wconf 74' lang='lat' dir='ltr'>Gracchum.</span> <span class='ocrx_word' id='word_1_160' title='bbox 432 2537 483 2591; x_wconf 88' lang='lat' dir='ltr'>Hic</span> <span class='ocrx_word' id='word_1_161' title='bbox 502 2536 624 2610; x_wconf 86' lang='lat' dir='ltr'>proditus</span> <span class='ocrx_word' id='word_1_162' title='bbox 667 2535 748 2590; x_wconf 76' lang='lat' dir='ltr'>luisse</span> <span class='ocrx_word' id='word_1_163' title='bbox 756 2535 952 2610; x_wconf 84' lang='lat' dir='ltr'>videtur‚quod</span> <span class='ocrx_word' id='word_1_164' title='bbox 960 2537 1178 2611; x_wconf 89' lang='lat' dir='ltr'>alioquindicunt</span> 
     </span>
     <span class='ocr_line' id='line_1_21' title="bbox 114 2613 1177 2692; baseline 0 -21"><span class='ocrx_word' id='word_1_165' title='bbox 114 2619 250 2690; x_wconf 79' lang='lat' dir='ltr'>praecipue</span> <span class='ocrx_word' id='word_1_166' title='bbox 271 2638 284 2670; x_wconf 85' lang='lat' dir='ltr'>a</span> <span class='ocrx_word' id='word_1_167' title='bbox 307 2613 412 2690; x_wconf 84' lang='lat' dir='ltr'>perfido</span> <span class='ocrx_word' id='word_1_168' title='bbox 442 2618 548 2689; x_wconf 81' lang='lat' dir='ltr'>hospite</span> <span class='ocrx_word' id='word_1_169' title='bbox 574 2636 624 2670; x_wconf 86' lang='lat' dir='ltr'>suo</span> <span class='ocrx_word' id='word_1_170' title='bbox 661 2618 732 2686; x_wconf 82' lang='lat' dir='ltr'>justa</span> <span class='ocrx_word' id='word_1_171' title='bbox 747 2617 823 2670; x_wconf 79' lang='lat' dir='ltr'>alicui</span> <span class='ocrx_word' id='word_1_172' title='bbox 829 2619 921 2686; x_wconf 80' lang='lat' dir='ltr'>facere.</span> <span class='ocrx_word' id='word_1_173' title='bbox 936 2649 975 2662; x_wconf 91' lang='lat'>—-</span> <span class='ocrx_word' id='word_1_174' title='bbox 991 2619 1128 2692; x_wconf 79' lang='lat' dir='ltr'>Punicaque</span> <span class='ocrx_word' id='word_1_175' title='bbox 1137 2641 1177 2671; x_wconf 79' lang='lat' dir='ltr'>aa·</span> 
     </span>
     <span class='ocr_line' id='line_1_22' title="bbox 114 2696 1177 2771; baseline 0.002 -21"><span class='ocrx_word' id='word_1_176' title='bbox 114 2699 215 2750; x_wconf 84' lang='lat' dir='ltr'>Flavio.</span> <span class='ocrx_word' id='word_1_177' title='bbox 238 2696 301 2752; x_wconf 87' lang='lat' dir='ltr'>Vid.</span> <span class='ocrx_word' id='word_1_178' title='bbox 324 2717 396 2768; x_wconf 84' lang='lat' dir='ltr'>supr.</span> <span class='ocrx_word' id='word_1_179' title='bbox 418 2699 446 2764; x_wconf 87' lang='lat'>1,</span> <span class='ocrx_word' id='word_1_180' title='bbox 466 2702 498 2761; x_wconf 87' lang='grc'>6,</span> <span class='ocrx_word' id='word_1_181' title='bbox 522 2699 548 2751; x_wconf 85' lang='grc'>8.</span> <span class='ocrx_word' id='word_1_182' title='bbox 570 2697 623 2750; x_wconf 82' lang='lat' dir='ltr'>Alii</span> <span class='ocrx_word' id='word_1_183' title='bbox 665 2697 733 2765; x_wconf 74' lang='lat' dir='ltr'>gulo.</span> <span class='ocrx_word' id='word_1_184' title='bbox 755 2696 796 2750; x_wconf 83' lang='lat' dir='ltr'>sie</span> <span class='ocrx_word' id='word_1_185' title='bbox 819 2717 915 2769; x_wconf 83' lang='lat' dir='ltr'>supra,</span> <span class='ocrx_word' id='word_1_186' title='bbox 933 2699 965 2762; x_wconf 89' lang='lat'>1,</span> <span class='ocrx_word' id='word_1_187' title='bbox 980 2699 1011 2761; x_wconf 79' lang='lat'>5,</span> <span class='ocrx_word' id='word_1_188' title='bbox 1028 2717 1063 2768; x_wconf 89' lang='lat'>7:</span> <span class='ocrx_word' id='word_1_189' title='bbox 1078 2700 1177 2771; x_wconf 80' lang='lat' dir='ltr'>hispano</span> 
     </span>
     <span class='ocr_line' id='line_1_23' title="bbox 115 2775 1176 2850; baseline 0.003 -20"><span class='ocrx_word' id='word_1_190' title='bbox 115 2777 224 2830; x_wconf 86' lang='lat' dir='ltr'>tradunt</span> <span class='ocrx_word' id='word_1_191' title='bbox 231 2779 258 2829; x_wconf 92' lang='lat' dir='ltr'>in</span> <span class='ocrx_word' id='word_1_192' title='bbox 268 2778 359 2831; x_wconf 81' lang='lat' dir='ltr'>rastris</span> <span class='ocrx_word' id='word_1_193' title='bbox 367 2778 483 2830; x_wconf 87' lang='lat' dir='ltr'>romanis</span> <span class='ocrx_word' id='word_1_194' title='bbox 490 2777 623 2850; x_wconf 85' lang='lat' dir='ltr'>sepultum</span> <span class='ocrx_word' id='word_1_195' title='bbox 669 2777 764 2846; x_wconf 71' lang='lat' dir='ltr'>sagulo.</span> <span class='ocrx_word' id='word_1_196' title='bbox 776 2777 939 2832; x_wconf 82' lang='lat' dir='ltr'>Freinshem.</span> <span class='ocrx_word' id='word_1_197' title='bbox 949 2775 982 2829; x_wconf 86' lang='lat' dir='ltr'>ad</span> <span class='ocrx_word' id='word_1_198' title='bbox 992 2779 1067 2832; x_wconf 78' lang='lat' dir='ltr'>Cust.</span> <span class='ocrx_word' id='word_1_199' title='bbox 1074 2779 1112 2840; x_wconf 89' lang='lat' dir='ltr'>V,</span> <span class='ocrx_word' id='word_1_200' title='bbox 1127 2780 1176 2844; x_wconf 81' lang='lat'>13,</span> 
     </span>
     <span class='ocr_line' id='line_1_24' title="bbox 114 2856 1176 2928; baseline 0.003 -19"><span class='ocrx_word' id='word_1_201' title='bbox 114 2859 214 2922; x_wconf 84' lang='lat' dir='ltr'>asnis,</span> <span class='ocrx_word' id='word_1_202' title='bbox 229 2859 272 2911; x_wconf 88' lang='lat' dir='ltr'>alii</span> <span class='ocrx_word' id='word_1_203' title='bbox 294 2859 326 2910; x_wconf 80' lang='lat' dir='ltr'>ab</span> <span class='ocrx_word' id='word_1_204' title='bbox 342 2857 504 2922; x_wconf 84' lang='lat' dir='ltr'>Hannibale;</span> <span class='ocrx_word' id='word_1_205' title='bbox 525 2869 551 2910; x_wconf 88' lang='lat' dir='ltr'>et</span> <span class='ocrx_word' id='word_1_206' title='bbox 567 2857 623 2912; x_wconf 81' lang='lat' dir='ltr'>hac</span> <span class='ocrx_word' id='word_1_207' title='bbox 669 2856 727 2921; x_wconf 81' lang='lat'>31,</span> <span class='ocrx_word' id='word_1_208' title='bbox 750 2870 855 2922; x_wconf 85' lang='lat' dir='ltr'>monet,</span> <span class='ocrx_word' id='word_1_209' title='bbox 868 2859 957 2928; x_wconf 81' lang='lat' dir='ltr'>punico</span> <span class='ocrx_word' id='word_1_210' title='bbox 979 2857 1024 2910; x_wconf 86' lang='lat' dir='ltr'>hic</span> <span class='ocrx_word' id='word_1_211' title='bbox 1050 2877 1105 2911; x_wconf 84' lang='lat' dir='ltr'>esse</span> <span class='ocrx_word' id='word_1_212' title='bbox 1125 2877 1176 2928; x_wconf 86' lang='lat' dir='ltr'>pro</span> 
     </span>
     <span class='ocr_line' id='line_1_25' title="bbox 113 2935 1175 3009; baseline 0 -19"><span class='ocrx_word' id='word_1_213' title='bbox 113 2939 246 3009; x_wconf 80' lang='lat' dir='ltr'>vulgatior</span> <span class='ocrx_word' id='word_1_214' title='bbox 266 2939 333 2990; x_wconf 81' lang='lat' dir='ltr'>lama</span> <span class='ocrx_word' id='word_1_215' title='bbox 362 2950 408 2991; x_wconf 87' lang='lat' dir='ltr'>est.</span> <span class='ocrx_word' id='word_1_216' title='bbox 430 2937 483 2989; x_wconf 79' lang='lat' dir='ltr'>Alii</span> <span class='ocrx_word' id='word_1_217' title='bbox 507 2935 622 3001; x_wconf 88' lang='lat' dir='ltr'>dieunt,</span> <span class='ocrx_word' id='word_1_218' title='bbox 663 2940 782 3006; x_wconf 84' lang='lat' dir='ltr'>puniceo‚·</span> <span class='ocrx_word' id='word_1_219' title='bbox 797 2949 828 2989; x_wconf 90' lang='lat' dir='ltr'>ut</span> <span class='ocrx_word' id='word_1_220' title='bbox 849 2935 882 2990; x_wconf 91' lang='lat' dir='ltr'>ad</span> <span class='ocrx_word' id='word_1_221' title='bbox 904 2937 1020 2990; x_wconf 86' lang='lat' dir='ltr'>colorem</span> <span class='ocrx_word' id='word_1_222' title='bbox 1042 2935 1070 2988; x_wconf 89' lang='lat' dir='ltr'>id</span> <span class='ocrx_word' id='word_1_223' title='bbox 1094 2939 1175 3007; x_wconf 86' lang='lat' dir='ltr'>perti·</span> 
     </span>
     <span class='ocr_line' id='line_1_26' title="bbox 113 3016 1176 3088; baseline 0.002 -20"><span class='ocrx_word' id='word_1_224' title='bbox 113 3016 282 3088; x_wconf 81' lang='lat' dir='ltr'>imperatoris</span> <span class='ocrx_word' id='word_1_225' title='bbox 297 3017 382 3088; x_wconf 83' lang='lat' dir='ltr'>capite</span> <span class='ocrx_word' id='word_1_226' title='bbox 403 3017 490 3070; x_wconf 88' lang='lat' dir='ltr'>hostes</span> <span class='ocrx_word' id='word_1_227' title='bbox 507 3030 622 3069; x_wconf 87' lang='lat' dir='ltr'>tanturn·</span> <span class='ocrx_word' id='word_1_228' title='bbox 666 3027 735 3068; x_wconf 88' lang='lat' dir='ltr'>neat.</span> <span class='ocrx_word' id='word_1_229' title='bbox 760 3016 943 3069; x_wconf 78' lang='lat' dir='ltr'>confirmatur</span> <span class='ocrx_word' id='word_1_230' title='bbox 972 3017 1064 3070; x_wconf 85' lang='lat' dir='ltr'>saltem</span> <span class='ocrx_word' id='word_1_231' title='bbox 1089 3017 1176 3070; x_wconf 80' lang='lat' dir='ltr'>verbis</span> 
     </span>
     <span class='ocr_line' id='line_1_27' title="bbox 113 3094 1175 3167; baseline -0.001 -20"><span class='ocrx_word' id='word_1_232' title='bbox 113 3095 198 3147; x_wconf 92' lang='lat' dir='ltr'>modo</span> <span class='ocrx_word' id='word_1_233' title='bbox 206 3097 305 3167; x_wconf 87' lang='lat' dir='ltr'>potitos</span> <span class='ocrx_word' id='word_1_234' title='bbox 313 3095 345 3148; x_wconf 90' lang='lat' dir='ltr'>ad</span> <span class='ocrx_word' id='word_1_235' title='bbox 355 3097 528 3150; x_wconf 84' lang='lat' dir='ltr'>Hannibalem</span> <span class='ocrx_word' id='word_1_236' title='bbox 540 3095 568 3148; x_wconf 92' lang='lat' dir='ltr'>id</span> <span class='ocrx_word' id='word_1_237' title='bbox 578 3095 623 3150; x_wconf 80' lang='lat' dir='ltr'>de·</span> <span class='ocrx_word' id='word_1_238' title='bbox 665 3094 724 3147; x_wconf 88' lang='lat' dir='ltr'>Silii</span> <span class='ocrx_word' id='word_1_239' title='bbox 733 3094 781 3147; x_wconf 86' lang='lat' dir='ltr'>lib.</span> <span class='ocrx_word' id='word_1_240' title='bbox 792 3096 833 3148; x_wconf 78' lang='lat' dir='ltr'>X:</span> <span class='ocrx_word' id='word_1_241' title='bbox 848 3097 980 3165; x_wconf 70' lang='lat' dir='ltr'>Fulgentia</span> <span class='ocrx_word' id='word_1_242' title='bbox 986 3099 1075 3167; x_wconf 70' lang='lat' dir='ltr'>pingui</span> <span class='ocrx_word' id='word_1_243' title='bbox 1082 3096 1175 3148; x_wconf 81' lang='lat' dir='ltr'>Murice</span> 
     </span>
     <span class='ocr_line' id='line_1_28' title="bbox 113 3173 1173 3248; baseline 0.002 -20"><span class='ocrx_word' id='word_1_244' title='bbox 113 3173 343 3246; x_wconf 86' lang='lat' dir='ltr'>tulisse,quiillud</span> <span class='ocrx_word' id='word_1_245' title='bbox 351 3174 383 3228; x_wconf 88' lang='lat' dir='ltr'>ad</span> <span class='ocrx_word' id='word_1_246' title='bbox 391 3177 543 3229; x_wconf 85' lang='lat' dir='ltr'>Cornelium</span> <span class='ocrx_word' id='word_1_247' title='bbox 551 3195 622 3248; x_wconf 77' lang='lat' dir='ltr'>qna-</span> <span class='ocrx_word' id='word_1_248' title='bbox 664 3177 785 3244; x_wconf 68' lang='lat' dir='ltr'>tarpeium</span> <span class='ocrx_word' id='word_1_249' title='bbox 793 3178 873 3245; x_wconf 54' lang='lat' dir='ltr'>,injicit</span> <span class='ocrx_word' id='word_1_250' title='bbox 881 3173 1173 3230; x_wconf 70' lang='lat' dir='ltr'>uelamina-Corona.</span> 
     </span>
     <span class='ocr_line' id='line_1_29' title="bbox 113 3253 1175 3328; baseline -0.001 -19"><span class='ocrx_word' id='word_1_251' title='bbox 113 3269 215 3309; x_wconf 78' lang='lat' dir='ltr'>starem</span> <span class='ocrx_word' id='word_1_252' title='bbox 228 3255 342 3318; x_wconf 83' lang='lat' dir='ltr'>miserit;</span> <span class='ocrx_word' id='word_1_253' title='bbox 356 3268 513 3325; x_wconf 70' lang='lat' dir='ltr'>quaestorem</span> <span class='ocrx_word' id='word_1_254' title='bbox 525 3254 622 3309; x_wconf 85' lang='lat' dir='ltr'>deinde</span> <span class='ocrx_word' id='word_1_255' title='bbox 665 3254 709 3308; x_wconf 90' lang='lat' dir='ltr'>Ob</span> <span class='ocrx_word' id='word_1_256' title='bbox 718 3254 855 3308; x_wconf 86' lang='lat' dir='ltr'>victoriam</span> <span class='ocrx_word' id='word_1_257' title='bbox 867 3253 938 3328; x_wconf 89' lang='lat' dir='ltr'>apud</span> <span class='ocrx_word' id='word_1_258' title='bbox 950 3255 1045 3308; x_wconf 88' lang='lat' dir='ltr'>Nolam</span> <span class='ocrx_word' id='word_1_259' title='bbox 1056 3268 1175 3326; x_wconf 85' lang='lat' dir='ltr'>reporta-</span> 
     </span>
     <span class='ocr_line' id='line_1_30' title="bbox 113 3334 1175 3409; baseline 0 -21"><span class='ocrx_word' id='word_1_260' title='bbox 113 3335 225 3388; x_wconf 87' lang='lat' dir='ltr'>summis</span> <span class='ocrx_word' id='word_1_261' title='bbox 244 3335 369 3406; x_wconf 81' lang='lat' dir='ltr'>impensis</span> <span class='ocrx_word' id='word_1_262' title='bbox 387 3335 520 3406; x_wconf 73' lang='lat' dir='ltr'>exsequias</span> <span class='ocrx_word' id='word_1_263' title='bbox 536 3336 621 3409; x_wconf 85' lang='lat' dir='ltr'>impe·</span> <span class='ocrx_word' id='word_1_264' title='bbox 665 3346 731 3399; x_wconf 66' lang='lat' dir='ltr'>nm,</span> <span class='ocrx_word' id='word_1_265' title='bbox 747 3335 794 3388; x_wconf 88' lang='lat' dir='ltr'>uhi</span> <span class='ocrx_word' id='word_1_266' title='bbox 804 3336 905 3407; x_wconf 84' lang='lat' dir='ltr'>primus</span> <span class='ocrx_word' id='word_1_267' title='bbox 916 3334 1092 3388; x_wconf 83' lang='lat' dir='ltr'>Hannibalem</span> <span class='ocrx_word' id='word_1_268' title='bbox 1102 3336 1175 3388; x_wconf 84' lang='lat' dir='ltr'>vinci</span> 
     </span>
     <span class='ocr_line' id='line_1_31' title="bbox 112 3412 1175 3485; baseline 0.001 -18"><span class='ocrx_word' id='word_1_269' title='bbox 112 3415 211 3468; x_wconf 86' lang='lat' dir='ltr'>ratoris</span> <span class='ocrx_word' id='word_1_270' title='bbox 225 3415 253 3466; x_wconf 92' lang='lat' dir='ltr'>in</span> <span class='ocrx_word' id='word_1_271' title='bbox 267 3415 356 3467; x_wconf 84' lang='lat' dir='ltr'>castris</span> <span class='ocrx_word' id='word_1_272' title='bbox 366 3414 464 3468; x_wconf 83' lang='lat' dir='ltr'>iecisse.</span> <span class='ocrx_word' id='word_1_273' title='bbox 664 3432 740 3485; x_wconf 80' lang='lat' dir='ltr'>posse</span> <span class='ocrx_word' id='word_1_274' title='bbox 752 3412 853 3471; x_wconf 84' lang='lat' dir='ltr'>docuit.</span> <span class='ocrx_word' id='word_1_275' title='bbox 864 3416 1011 3468; x_wconf 73' lang='lat' dir='ltr'>-Lama</span> <span class='ocrx_word' id='word_1_276' title='bbox 1024 3415 1123 3468; x_wconf 80' lang='lat' dir='ltr'>Forsan</span> <span class='ocrx_word' id='word_1_277' title='bbox 1132 3434 1175 3468; x_wconf 84' lang='lat' dir='ltr'>au·</span> 
     </span>
    </p>

    <p class='ocr_par' dir='ltr' id='par_1_5' title="bbox 111 3493 1174 4285">
     <span class='ocr_line' id='line_1_32' title="bbox 158 3493 1173 3567; baseline 0.001 -20"><span class='ocrx_word' id='word_1_278' title='bbox 158 3495 185 3547; x_wconf 88' lang='grc'>3.</span> <span class='ocrx_word' id='word_1_279' title='bbox 207 3494 245 3546; x_wconf 89' lang='grc' dir='ltr'>Μ.</span> <span class='ocrx_word' id='word_1_280' title='bbox 262 3494 411 3546; x_wconf 81' lang='lat' dir='ltr'>Marcellum.</span> <span class='ocrx_word' id='word_1_281' title='bbox 425 3493 475 3546; x_wconf 78' lang='lat' dir='ltr'>Hic</span> <span class='ocrx_word' id='word_1_282' title='bbox 491 3511 552 3546; x_wconf 86' lang='lat' dir='ltr'>oum</span> <span class='ocrx_word' id='word_1_283' title='bbox 567 3495 621 3548; x_wconf 88' lang='lat' dir='ltr'>col·</span> <span class='ocrx_word' id='word_1_284' title='bbox 665 3513 720 3552; x_wconf 76' lang='lat' dir='ltr'>m,</span> <span class='ocrx_word' id='word_1_285' title='bbox 737 3513 821 3567; x_wconf 86' lang='lat' dir='ltr'>quum</span> <span class='ocrx_word' id='word_1_286' title='bbox 836 3495 995 3554; x_wconf 81' lang='lat' dir='ltr'>Plutarchus</span> <span class='ocrx_word' id='word_1_287' title='bbox 1008 3495 1104 3548; x_wconf 86' lang='lat' dir='ltr'>habeat</span> <span class='ocrx_word' id='word_1_288' title='bbox 1118 3515 1173 3564; x_wconf 76' lang='grc' dir='ltr'><strong>χρυ-</strong></span> 
     </span>
     <span class='ocr_line' id='line_1_33' title="bbox 111 3569 1173 3645; baseline 0.002 -19"><span class='ocrx_word' id='word_1_289' title='bbox 111 3574 173 3645; x_wconf 82' lang='lat' dir='ltr'>lega</span> <span class='ocrx_word' id='word_1_290' title='bbox 189 3573 313 3644; x_wconf 85' lang='lat' dir='ltr'>Crispino</span> <span class='ocrx_word' id='word_1_291' title='bbox 330 3585 356 3626; x_wconf 83' lang='lat' dir='ltr'>et</span> <span class='ocrx_word' id='word_1_292' title='bbox 378 3574 466 3644; x_wconf 85' lang='lat' dir='ltr'>paucis</span> <span class='ocrx_word' id='word_1_293' title='bbox 490 3574 621 3644; x_wconf 82' lang='lat' dir='ltr'>equitibus</span> <span class='ocrx_word' id='word_1_294' title='bbox 665 3580 721 3626; x_wconf 77' lang='grc' dir='ltr'>σοῦν</span> <span class='ocrx_word' id='word_1_295' title='bbox 741 3577 855 3645; x_wconf 69' lang='lat' dir='ltr'>ciperon.</span> <span class='ocrx_word' id='word_1_296' title='bbox 868 3569 914 3628; x_wconf 92' lang='lat' dir='ltr'>Sic</span> <span class='ocrx_word' id='word_1_297' title='bbox 930 3573 1124 3628; x_wconf 81' lang='lat' dir='ltr'>Freinshemius</span> <span class='ocrx_word' id='word_1_298' title='bbox 1139 3573 1173 3628; x_wconf 89' lang='lat' dir='ltr'>ad</span> 
     </span>
     <span class='ocr_line' id='line_1_34' title="bbox 113 3651 1173 3726; baseline 0.002 -20"><span class='ocrx_word' id='word_1_299' title='bbox 113 3654 283 3724; x_wconf 82' lang='lat' dir='ltr'>exploratum</span> <span class='ocrx_word' id='word_1_300' title='bbox 295 3653 427 3724; x_wconf 82' lang='lat' dir='ltr'>profectus</span> <span class='ocrx_word' id='word_1_301' title='bbox 437 3693 445 3718; x_wconf 88' lang='lat'><strong>‚</strong></span> <span class='ocrx_word' id='word_1_302' title='bbox 457 3654 485 3704; x_wconf 88' lang='lat' dir='ltr'>in</span> <span class='ocrx_word' id='word_1_303' title='bbox 499 3651 621 3720; x_wconf 85' lang='lat' dir='ltr'>insidias,</span> <span class='ocrx_word' id='word_1_304' title='bbox 664 3653 787 3708; x_wconf 83' lang='lat' dir='ltr'>Curtium</span> <span class='ocrx_word' id='word_1_305' title='bbox 803 3693 811 3720; x_wconf 91' lang='lat'>‚</span> <span class='ocrx_word' id='word_1_306' title='bbox 832 3655 891 3708; x_wconf 80' lang='lat' dir='ltr'>loco</span> <span class='ocrx_word' id='word_1_307' title='bbox 914 3653 1012 3719; x_wconf 86' lang='lat' dir='ltr'>citato,</span> <span class='ocrx_word' id='word_1_308' title='bbox 1030 3653 1173 3726; x_wconf 78' lang='lat' dir='ltr'>legendum</span> 
     </span>
     <span class='ocr_line' id='line_1_35' title="bbox 112 3731 784 3805; baseline 0.003 -20"><span class='ocrx_word' id='word_1_309' title='bbox 112 3733 206 3804; x_wconf 82' lang='lat' dir='ltr'>paullo</span> <span class='ocrx_word' id='word_1_310' title='bbox 226 3745 287 3786; x_wconf 85' lang='lat' dir='ltr'>ante</span> <span class='ocrx_word' id='word_1_311' title='bbox 300 3734 333 3785; x_wconf 84' lang='lat' dir='ltr'>ab</span> <span class='ocrx_word' id='word_1_312' title='bbox 347 3731 494 3785; x_wconf 83' lang='lat' dir='ltr'>Hannibale</span> <span class='ocrx_word' id='word_1_313' title='bbox 515 3733 552 3784; x_wconf 89' lang='lat' dir='ltr'>ibi</span> <span class='ocrx_word' id='word_1_314' title='bbox 567 3735 621 3786; x_wconf 87' lang='lat' dir='ltr'>col·</span> <span class='ocrx_word' id='word_1_315' title='bbox 664 3735 784 3805; x_wconf 82' lang='lat' dir='ltr'>conjecit.</span> 
     </span>
     <span class='ocr_line' id='line_1_36' title="bbox 112 3811 1174 3884; baseline 0.003 -21"><span class='ocrx_word' id='word_1_316' title='bbox 112 3813 227 3878; x_wconf 84' lang='lat' dir='ltr'>locatas,</span> <span class='ocrx_word' id='word_1_317' title='bbox 241 3813 310 3878; x_wconf 86' lang='lat' dir='ltr'>ruit,</span> <span class='ocrx_word' id='word_1_318' title='bbox 322 3813 369 3865; x_wconf 91' lang='lat' dir='ltr'>ubi</span> <span class='ocrx_word' id='word_1_319' title='bbox 383 3831 443 3866; x_wconf 88' lang='lat' dir='ltr'>curn</span> <span class='ocrx_word' id='word_1_320' title='bbox 459 3811 559 3884; x_wconf 83' lang='lat' dir='ltr'>aliquot</span> <span class='ocrx_word' id='word_1_321' title='bbox 570 3814 622 3866; x_wconf 87' lang='lat' dir='ltr'>l&#39;or·</span> <span class='ocrx_word' id='word_1_322' title='bbox 705 3819 732 3877; x_wconf 76' lang='grc'>4.</span> <span class='ocrx_word' id='word_1_323' title='bbox 751 3815 877 3882; x_wconf 78' lang='lat' dir='ltr'>Effirata.</span> <span class='ocrx_word' id='word_1_324' title='bbox 889 3813 943 3868; x_wconf 78' lang='lat' dir='ltr'>Alii</span> <span class='ocrx_word' id='word_1_325' title='bbox 956 3813 1044 3880; x_wconf 63' lang='lat' dir='ltr'>essem</span> <span class='ocrx_word' id='word_1_326' title='bbox 1059 3813 1124 3866; x_wconf 87' lang='lat' dir='ltr'>item</span> <span class='ocrx_word' id='word_1_327' title='bbox 1139 3815 1174 3881; x_wconf 82' lang='lat' dir='ltr'>es·</span> 
     </span>
     <span class='ocr_line' id='line_1_37' title="bbox 113 3891 1173 3966; baseline 0.002 -22"><span class='ocrx_word' id='word_1_328' title='bbox 113 3893 322 3946; x_wconf 80' lang='lat' dir='ltr'>tissimisvirisin</span> <span class='ocrx_word' id='word_1_329' title='bbox 331 3891 420 3948; x_wconf 85' lang='lat' dir='ltr'>medio</span> <span class='ocrx_word' id='word_1_330' title='bbox 427 3911 517 3955; x_wconf 61' lang='lat' dir='ltr'>caras,</span> <span class='ocrx_word' id='word_1_331' title='bbox 524 3893 621 3963; x_wconf 73' lang='lat' dir='ltr'>collega</span> <span class='ocrx_word' id='word_1_332' title='bbox 658 3894 768 3959; x_wconf 61' lang='lat' dir='ltr'>firnata.</span> <span class='ocrx_word' id='word_1_333' title='bbox 779 3924 820 3936; x_wconf 92' lang='lat'><em>-</em></span> <span class='ocrx_word' id='word_1_334' title='bbox 836 3891 980 3966; x_wconf 75' lang='lat' dir='ltr'>Terrorque.</span> <span class='ocrx_word' id='word_1_335' title='bbox 994 3894 1042 3946; x_wconf 84' lang='lat' dir='ltr'>Est</span> <span class='ocrx_word' id='word_1_336' title='bbox 1053 3894 1110 3946; x_wconf 90' lang='lat' dir='ltr'>sine</span> <span class='ocrx_word' id='word_1_337' title='bbox 1122 3891 1173 3946; x_wconf 91' lang='lat' dir='ltr'>du·</span> 
     </span>
     <span class='ocr_line' id='line_1_38' title="bbox 112 3971 1172 4045; baseline 0.004 -22"><span class='ocrx_word' id='word_1_338' title='bbox 112 3973 280 4036; x_wconf 80' lang='lat' dir='ltr'>vulneratus,</span> <span class='ocrx_word' id='word_1_339' title='bbox 296 3973 366 4028; x_wconf 81' lang='lat' dir='ltr'>filios</span> <span class='ocrx_word' id='word_1_340' title='bbox 382 3992 488 4045; x_wconf 90' lang='lat' dir='ltr'>quoque</span> <span class='ocrx_word' id='word_1_341' title='bbox 507 3973 621 4026; x_wconf 82' lang='lat' dir='ltr'>consulis</span> <span class='ocrx_word' id='word_1_342' title='bbox 663 3971 709 4024; x_wconf 84' lang='lat' dir='ltr'>bio</span> <span class='ocrx_word' id='word_1_343' title='bbox 729 3972 841 4039; x_wconf 81' lang='lat' dir='ltr'>melius,</span> <span class='ocrx_word' id='word_1_344' title='bbox 856 3991 938 4044; x_wconf 85' lang='lat' dir='ltr'>quarn</span> <span class='ocrx_word' id='word_1_345' title='bbox 953 3973 1082 4045; x_wconf 69' lang='lat' dir='ltr'>ardorque,</span> <span class='ocrx_word' id='word_1_346' title='bbox 1099 3971 1172 4045; x_wconf 88' lang='lat' dir='ltr'>quod</span> 
     </span>
     <span class='ocr_line' id='line_1_39' title="bbox 112 4051 1170 4124; baseline 0.006 -22"><span class='ocrx_word' id='word_1_347' title='bbox 112 4053 227 4120; x_wconf 79' lang='lat' dir='ltr'>graviter</span> <span class='ocrx_word' id='word_1_348' title='bbox 237 4053 339 4106; x_wconf 84' lang='lat' dir='ltr'>saucius</span> <span class='ocrx_word' id='word_1_349' title='bbox 353 4052 440 4107; x_wconf 87' lang='lat' dir='ltr'>rediit.</span> <span class='ocrx_word' id='word_1_350' title='bbox 457 4053 550 4106; x_wconf 88' lang='lat' dir='ltr'>Paullo</span> <span class='ocrx_word' id='word_1_351' title='bbox 560 4065 622 4124; x_wconf 83' lang='lat' dir='ltr'>post</span> <span class='ocrx_word' id='word_1_352' title='bbox 664 4051 741 4104; x_wconf 88' lang='lat' dir='ltr'>multi</span> <span class='ocrx_word' id='word_1_353' title='bbox 752 4051 827 4106; x_wconf 81' lang='lat' dir='ltr'>Mss.</span> <span class='ocrx_word' id='word_1_354' title='bbox 843 4051 951 4106; x_wconf 85' lang='lat' dir='ltr'>habent.</span> <span class='ocrx_word' id='word_1_355' title='bbox 965 4053 1052 4108; x_wconf 82' lang='lat' dir='ltr'>Facile</span> <span class='ocrx_word' id='word_1_356' title='bbox 1068 4065 1170 4108; x_wconf 72' lang='lat' dir='ltr'>utrum·</span> 
     </span>
     <span class='ocr_line' id='line_1_40' title="bbox 113 4129 1171 4206; baseline 0.004 -26"><span class='ocrx_word' id='word_1_357' title='bbox 113 4129 475 4206; x_wconf 76' lang='lat' dir='ltr'>Hannibalhlarcellicorpus</span> <span class='ocrx_word' id='word_1_358' title='bbox 483 4133 621 4186; x_wconf 74' lang='lat' dir='ltr'>ini-emma</span> <span class='ocrx_word' id='word_1_359' title='bbox 664 4149 716 4202; x_wconf 89' lang='lat' dir='ltr'>que</span> <span class='ocrx_word' id='word_1_360' title='bbox 736 4132 831 4187; x_wconf 82' lang='lat' dir='ltr'>mutari</span> <span class='ocrx_word' id='word_1_361' title='bbox 854 4132 943 4204; x_wconf 81' lang='lat' dir='ltr'>potnit</span> <span class='ocrx_word' id='word_1_362' title='bbox 962 4151 995 4188; x_wconf 84' lang='lat' dir='ltr'>ex</span> <span class='ocrx_word' id='word_1_363' title='bbox 1015 4133 1171 4206; x_wconf 64' lang='lat' dir='ltr'>pronuntia,</span> 
     </span>
     <span class='ocr_line' id='line_1_41' title="bbox 112 4211 747 4285; baseline 0.002 -18"><span class='ocrx_word' id='word_1_364' title='bbox 112 4211 622 4285; x_wconf 68' lang='lat' dir='ltr'>sepulturamsudavit.-lnagrollru·</span> <span class='ocrx_word' id='word_1_365' title='bbox 664 4211 747 4268; x_wconf 85' lang='lat' dir='ltr'>tione.</span> 
     </span>
    </p>
   </div>
   <div class='ocr_carea' id='block_1_4' title="bbox 0 0 1600 5122">
    <p class='ocr_par' dir='ltr' id='par_1_6' title="bbox 0 0 1600 5122">
     <span class='ocr_line' id='line_1_42' title="bbox 0 0 1600 5122; baseline 0 2"><span class='ocrx_word' id='word_1_366' title='bbox 0 0 1600 5122; x_wconf 95' lang='lat' dir='ltr'> </span> 
     </span>
    </p>
   </div>
  </div>
 </body>
</html>
