<?xml version="1.0" encoding="UTF-8"?>
<!DOCTYPE html PUBLIC "-//W3C//DTD XHTML 1.0 Transitional//EN"
    "http://www.w3.org/TR/xhtml1/DTD/xhtml1-transitional.dtd">
<html xmlns="http://www.w3.org/1999/xhtml" xml:lang="en" lang="en">
 <head>
  <title>
</title>
<meta http-equiv="Content-Type" content="text/html;charset=utf-8" />
  <meta name='ocr-system' content='tesseract 3.04.00' />
  <meta name='ocr-capabilities' content='ocr_page ocr_carea ocr_par ocr_line ocrx_word'/>
</head>
<body>
  <div class='ocr_page' id='page_1' title='image "./valeriusmaximus01lykogoog_0298.png"; bbox 0 0 3196 5122; ppageno 0'>
   <div class='ocr_carea' id='block_1_1' title="bbox 292 497 1176 598">
    <p class='ocr_par' dir='ltr' id='par_1_1' title="bbox 292 497 1176 598">
     <span class='ocr_line' id='line_1_1' title="bbox 292 497 1176 598; baseline 0.007 -31"><span class='ocrx_word' id='word_1_1' title='bbox 292 499 397 568; x_wconf 81' lang='lat' dir='ltr'>CAP.</span> <span class='ocrx_word' id='word_1_2' title='bbox 426 499 463 585; x_wconf 91' lang='lat' dir='ltr'>I,</span> <span class='ocrx_word' id='word_1_3' title='bbox 489 498 559 566; x_wconf 99' lang='lat' dir='ltr'>DE</span> <span class='ocrx_word' id='word_1_4' title='bbox 587 497 1001 570; x_wconf 83' lang='lat' dir='ltr'><strong>MODERATIONE.</strong></span> <span class='ocrx_word' id='word_1_5' title='bbox 1107 527 1176 598; x_wconf 79' lang='lat'>²7¹</span> 
     </span>
    </p>
   </div>
   <div class='ocr_carea' id='block_1_2' title="bbox 115 629 1183 1344">
    <p class='ocr_par' dir='ltr' id='par_1_2' title="bbox 115 629 1183 1344">
     <span class='ocr_line' id='line_1_2' title="bbox 116 629 1182 730; baseline -0.001 -25"><span class='ocrx_word' id='word_1_6' title='bbox 116 635 256 705; x_wconf 83' lang='lat' dir='ltr'>sectores</span> <span class='ocrx_word' id='word_1_7' title='bbox 275 631 317 702; x_wconf 83' lang='lat' dir='ltr'>ud</span> <span class='ocrx_word' id='word_1_8' title='bbox 338 655 414 700; x_wconf 89' lang='lat' dir='ltr'>euru</span> <span class='ocrx_word' id='word_1_9' title='bbox 437 631 569 701; x_wconf 87' lang='lat' dir='ltr'>vinctos</span> <span class='ocrx_word' id='word_1_10' title='bbox 589 631 704 725; x_wconf 81' lang='lat' dir='ltr'><strong>regim</strong></span> <span class='ocrx_word' id='word_1_11' title='bbox 725 629 901 726; x_wconf 81' lang='lat' dir='ltr'>Cleopatra</span> <span class='ocrx_word' id='word_1_12' title='bbox 919 631 1022 719; x_wconf 83' lang='lat' dir='ltr'>misit,</span> <span class='ocrx_word' id='word_1_13' title='bbox 1045 647 1084 701; x_wconf 93' lang='lat' dir='ltr'>ut</span> <span class='ocrx_word' id='word_1_14' title='bbox 1104 659 1182 730; x_wconf 87' lang='lat' dir='ltr'>gra·</span> 
     </span>
     <span class='ocr_line' id='line_1_3' title="bbox 115 735 1183 832; baseline 0.001 -22"><span class='ocrx_word' id='word_1_15' title='bbox 115 741 255 812; x_wconf 80' lang='lat' dir='ltr'>vissimae</span> <span class='ocrx_word' id='word_1_16' title='bbox 268 737 369 810; x_wconf 78' lang='lat' dir='ltr'>cladis</span> <span class='ocrx_word' id='word_1_17' title='bbox 382 735 543 806; x_wconf 90' lang='lat' dir='ltr'>ultionem</span> <span class='ocrx_word' id='word_1_18' title='bbox 555 736 693 807; x_wconf 80' lang='lat' dir='ltr'>arbitrio</span> <span class='ocrx_word' id='word_1_19' title='bbox 704 761 765 807; x_wconf 89' lang='lat' dir='ltr'>suo</span> <span class='ocrx_word' id='word_1_20' title='bbox 778 739 933 832; x_wconf 81' lang='lat' dir='ltr'>exigeret.</span> <span class='ocrx_word' id='word_1_21' title='bbox 947 739 991 808; x_wconf 83' lang='lat' dir='ltr'>At</span> <span class='ocrx_word' id='word_1_22' title='bbox 1002 737 1055 808; x_wconf 87' lang='lat' dir='ltr'>ille</span> <span class='ocrx_word' id='word_1_23' title='bbox 1068 739 1183 812; x_wconf 80' lang='lat' dir='ltr'>oblato</span> 
     </span>
     <span class='ocr_line' id='line_1_4' title="bbox 115 842 1183 940; baseline 0.002 -23"><span class='ocrx_word' id='word_1_24' title='bbox 115 846 292 932; x_wconf 89' lang='lat' dir='ltr'>beneficio,</span> <span class='ocrx_word' id='word_1_25' title='bbox 314 869 382 940; x_wconf 87' lang='lat' dir='ltr'>quo</span> <span class='ocrx_word' id='word_1_26' title='bbox 400 842 528 913; x_wconf 90' lang='lat' dir='ltr'>nullum</span> <span class='ocrx_word' id='word_1_27' title='bbox 550 843 657 939; x_wconf 83' lang='lat' dir='ltr'>mojus</span> <span class='ocrx_word' id='word_1_28' title='bbox 674 843 799 940; x_wconf 89' lang='lat' dir='ltr'>lugenti</span> <span class='ocrx_word' id='word_1_29' title='bbox 817 844 918 914; x_wconf 90' lang='lat' dir='ltr'>tribui</span> <span class='ocrx_word' id='word_1_30' title='bbox 936 860 1108 939; x_wconf 74' lang='lat' dir='ltr'>potuerat,</span> <span class='ocrx_word' id='word_1_31' title='bbox 1126 848 1183 920; x_wconf 92' lang='lat' dir='ltr'>do-</span> 
     </span>
     <span class='ocr_line' id='line_1_5' title="bbox 115 950 1182 1051; baseline 0.002 -26"><span class='ocrx_word' id='word_1_32' title='bbox 115 954 219 1025; x_wconf 87' lang='lat' dir='ltr'>lorem</span> <span class='ocrx_word' id='word_1_33' title='bbox 236 951 455 1022; x_wconf 82' lang='lat' dir='ltr'>moderationi</span> <span class='ocrx_word' id='word_1_34' title='bbox 470 950 588 1022; x_wconf 83' lang='lat' dir='ltr'>cedere</span> <span class='ocrx_word' id='word_1_35' title='bbox 608 953 740 1046; x_wconf 89' lang='lat' dir='ltr'>coegit:</span> <span class='ocrx_word' id='word_1_36' title='bbox 761 951 998 1046; x_wconf 82' lang='lat' dir='ltr'>carnificesque</span> <span class='ocrx_word' id='word_1_37' title='bbox 1013 956 1182 1051; x_wconf 85' lang='lat' dir='ltr'>sanguinis</span> 
     </span>
     <span class='ocr_line' id='line_1_6' title="bbox 116 1056 1181 1154; baseline -0.001 -22"><span class='ocrx_word' id='word_1_38' title='bbox 116 1063 165 1132; x_wconf 92' lang='lat' dir='ltr'>sui</span> <span class='ocrx_word' id='word_1_39' title='bbox 189 1062 330 1130; x_wconf 81' lang='lat' dir='ltr'>intactos</span> <span class='ocrx_word' id='word_1_40' title='bbox 350 1060 527 1153; x_wconf 82' lang='lat' dir='ltr'>evestigio</span> <span class='ocrx_word' id='word_1_41' title='bbox 547 1057 590 1128; x_wconf 77' lang='lat' dir='ltr'>ud</span> <span class='ocrx_word' id='word_1_42' title='bbox 611 1056 842 1154; x_wconf 74' lang='lat' dir='ltr'>Cleopatram¹</span> <span class='ocrx_word' id='word_1_43' title='bbox 862 1058 975 1128; x_wconf 87' lang='lat' dir='ltr'>reduci</span> <span class='ocrx_word' id='word_1_44' title='bbox 995 1059 1106 1154; x_wconf 84' lang='lat' dir='ltr'>jussit3</span> <span class='ocrx_word' id='word_1_45' title='bbox 1126 1061 1181 1131; x_wconf 92' lang='lat' dir='ltr'>di-</span> 
     </span>
     <span class='ocr_line' id='line_1_7' title="bbox 115 1165 1182 1262; baseline 0.002 -25"><span class='ocrx_word' id='word_1_46' title='bbox 115 1167 237 1253; x_wconf 90' lang='lat' dir='ltr'>cendo,</span> <span class='ocrx_word' id='word_1_47' title='bbox 245 1181 456 1262; x_wconf 84' lang='lat' dir='ltr'>potestatem</span> <span class='ocrx_word' id='word_1_48' title='bbox 466 1165 567 1258; x_wconf 73' lang='lat' dir='ltr'>ttho</span> <span class='ocrx_word' id='word_1_49' title='bbox 579 1165 743 1237; x_wconf 73' lang='lat' dir='ltr'>vtitdr’ctoe</span> <span class='ocrx_word' id='word_1_50' title='bbox 753 1165 1182 1254; x_wconf 61' lang='lat' dir='ltr'>murcomannum</span> 
     </span>
     <span class='ocr_line' id='line_1_8' title="bbox 115 1273 337 1344; baseline -0.018 0"><span class='ocrx_word' id='word_1_51' title='bbox 115 1299 190 1344; x_wconf 84' lang='lat' dir='ltr'>esse</span> <span class='ocrx_word' id='word_1_52' title='bbox 207 1273 337 1344; x_wconf 83' lang='lat' dir='ltr'>debere.</span> 
     </span>
    </p>
   </div>
   <div class='ocr_carea' id='block_1_3' title="bbox 250 1463 1046 1532">
    <p class='ocr_par' dir='ltr' id='par_1_3' title="bbox 250 1463 1046 1532">
     <span class='ocr_line' id='line_1_9' title="bbox 250 1463 1046 1532; baseline -0.004 -11"><span class='ocrx_word' id='word_1_53' title='bbox 250 1468 302 1521; x_wconf 89' lang='lat' dir='ltr'>DE</span> <span class='ocrx_word' id='word_1_54' title='bbox 322 1465 628 1520; x_wconf 77' lang='lat' dir='ltr'><strong>MODERATIONE</strong></span> <span class='ocrx_word' id='word_1_55' title='bbox 648 1465 743 1532; x_wconf 81' lang='lat' dir='ltr'>QUAE</span> <span class='ocrx_word' id='word_1_56' title='bbox 762 1465 807 1518; x_wconf 87' lang='lat' dir='ltr'>IN</span> <span class='ocrx_word' id='word_1_57' title='bbox 827 1463 1046 1528; x_wconf 81' lang='lat' dir='ltr'><strong>EXTEENIS.</strong></span> 
     </span>
    </p>
   </div>
   <div class='ocr_carea' id='block_1_4' title="bbox 114 1621 1188 2470">
    <p class='ocr_par' dir='ltr' id='par_1_4' title="bbox 114 1621 1188 2470">
     <span class='ocr_line' id='line_1_10' title="bbox 175 1621 1182 1722; baseline -0.003 -23"><span class='ocrx_word' id='word_1_58' title='bbox 175 1633 204 1699; x_wconf 87' lang='lat' dir='ltr'>i.</span> <span class='ocrx_word' id='word_1_59' title='bbox 220 1628 418 1696; x_wconf 89' lang='lat' dir='ltr'>Tarentinus</span> <span class='ocrx_word' id='word_1_60' title='bbox 436 1621 599 1717; x_wconf 77' lang='lat' dir='ltr'>Archytas</span> <span class='ocrx_word' id='word_1_61' title='bbox 606 1621 628 1712; x_wconf 85' lang='lat'>²,</span> <span class='ocrx_word' id='word_1_62' title='bbox 648 1621 728 1693; x_wconf 88' lang='lat' dir='ltr'>dum</span> <span class='ocrx_word' id='word_1_63' title='bbox 744 1649 779 1694; x_wconf 90' lang='lat' dir='ltr'>sc</span> <span class='ocrx_word' id='word_1_64' title='bbox 796 1623 991 1719; x_wconf 73' lang='lat' dir='ltr'>Pythagorae</span> <span class='ocrx_word' id='word_1_65' title='bbox 1010 1629 1182 1722; x_wconf 75' lang='lat' dir='ltr'>preceptis</span> 
     </span>
     <span class='ocr_line' id='line_1_11' title="bbox 116 1729 1182 1830; baseline -0.002 -25"><span class='ocrx_word' id='word_1_66' title='bbox 116 1735 304 1830; x_wconf 85' lang='lat' dir='ltr'>Metaponti</span> <span class='ocrx_word' id='word_1_67' title='bbox 320 1735 450 1828; x_wconf 89' lang='lat' dir='ltr'>penitus</span> <span class='ocrx_word' id='word_1_68' title='bbox 463 1731 645 1826; x_wconf 83' lang='lat' dir='ltr'>immergit,</span> <span class='ocrx_word' id='word_1_69' title='bbox 659 1755 781 1826; x_wconf 86' lang='lat' dir='ltr'>magno</span> <span class='ocrx_word' id='word_1_70' title='bbox 792 1729 906 1800; x_wconf 83' lang='lat' dir='ltr'>labore</span> <span class='ocrx_word' id='word_1_71' title='bbox 918 1729 1084 1826; x_wconf 88' lang='lat' dir='ltr'>longoque</span> <span class='ocrx_word' id='word_1_72' title='bbox 1099 1747 1182 1803; x_wconf 90' lang='lat' dir='ltr'>tem·</span> 
     </span>
     <span class='ocr_line' id='line_1_12' title="bbox 114 1835 1182 1936; baseline -0.004 -25"><span class='ocrx_word' id='word_1_73' title='bbox 114 1865 198 1936; x_wconf 90' lang='lat' dir='ltr'>pore</span> <span class='ocrx_word' id='word_1_74' title='bbox 217 1839 358 1908; x_wconf 90' lang='lat' dir='ltr'>solidum</span> <span class='ocrx_word' id='word_1_75' title='bbox 377 1863 461 1934; x_wconf 90' lang='lat' dir='ltr'>opus</span> <span class='ocrx_word' id='word_1_76' title='bbox 478 1835 637 1908; x_wconf 82' lang='lat' dir='ltr'>doctrinae</span> <span class='ocrx_word' id='word_1_77' title='bbox 651 1835 858 1932; x_wconf 84' lang='lat' dir='ltr'>complexus,</span> <span class='ocrx_word' id='word_1_78' title='bbox 881 1851 1055 1932; x_wconf 87' lang='lat' dir='ltr'>postquam</span> <span class='ocrx_word' id='word_1_79' title='bbox 1075 1840 1108 1908; x_wconf 90' lang='lat' dir='ltr'>in</span> <span class='ocrx_word' id='word_1_80' title='bbox 1125 1863 1182 1935; x_wconf 88' lang='lat' dir='ltr'>pa-</span> 
     </span>
     <span class='ocr_line' id='line_1_13' title="bbox 115 1930 1184 2038; baseline 0.001 -23"><span class='ocrx_word' id='word_1_81' title='bbox 115 1949 216 2015; x_wconf 85' lang='lat' dir='ltr'>triam</span> <span class='ocrx_word' id='word_1_82' title='bbox 231 1930 436 2032; x_wconf 82' lang='lat' dir='ltr'>revertitur³,</span> <span class='ocrx_word' id='word_1_83' title='bbox 445 1967 484 2013; x_wconf 82' lang='lat' dir='ltr'>ac</span> <span class='ocrx_word' id='word_1_84' title='bbox 499 1968 576 2012; x_wconf 86' lang='lat' dir='ltr'>rura</span> <span class='ocrx_word' id='word_1_85' title='bbox 592 1967 652 2013; x_wconf 84' lang='lat' dir='ltr'>sua</span> <span class='ocrx_word' id='word_1_86' title='bbox 666 1945 808 2012; x_wconf 85' lang='lat' dir='ltr'>revisere</span> <span class='ocrx_word' id='word_1_87' title='bbox 822 1945 937 2038; x_wconf 90' lang='lat' dir='ltr'>coepit,</span> <span class='ocrx_word' id='word_1_88' title='bbox 952 1943 1184 2016; x_wconf 85' lang='lat' dir='ltr'>animadvertit</span> 
     </span>
     <span class='ocr_line' id='line_1_14' title="bbox 115 2047 1182 2148; baseline 0.002 -28"><span class='ocrx_word' id='word_1_89' title='bbox 115 2052 318 2147; x_wconf 82' lang='lat' dir='ltr'>negligentia</span> <span class='ocrx_word' id='word_1_90' title='bbox 342 2049 442 2121; x_wconf 86' lang='lat' dir='ltr'>villici</span> <span class='ocrx_word' id='word_1_91' title='bbox 468 2065 625 2148; x_wconf 82' lang='lat' dir='ltr'>corrupte</span> <span class='ocrx_word' id='word_1_92' title='bbox 648 2065 681 2120; x_wconf 91' lang='lat' dir='ltr'>et</span> <span class='ocrx_word' id='word_1_93' title='bbox 701 2047 829 2146; x_wconf 83' lang='lat' dir='ltr'>perdita</span> <span class='ocrx_word' id='word_1_94' title='bbox 851 2075 859 2120; x_wconf 73' lang='grc' dir='ltr'><em>τ</em></span> <span class='ocrx_word' id='word_1_95' title='bbox 880 2051 1076 2146; x_wconf 88' lang='lat' dir='ltr'>intuensque</span> <span class='ocrx_word' id='word_1_96' title='bbox 1097 2052 1182 2122; x_wconf 86' lang='lat' dir='ltr'>male</span> 
     </span>
     <span class='ocr_line' id='line_1_15' title="bbox 116 2157 1188 2255; baseline 0.001 -27"><span class='ocrx_word' id='word_1_97' title='bbox 116 2161 292 2246; x_wconf 89' lang='lat' dir='ltr'>meritum,</span> <span class='ocrx_word' id='word_1_98' title='bbox 314 2160 552 2255; x_wconf 76' lang='lat' dir='ltr'>Sttmpsirsem,</span> <span class='ocrx_word' id='word_1_99' title='bbox 570 2159 691 2252; x_wconf 90' lang='lat' dir='ltr'>inquit,</span> <span class='ocrx_word' id='word_1_100' title='bbox 709 2181 733 2226; x_wconf 90' lang='lat' dir='ltr'><em>a</em></span> <span class='ocrx_word' id='word_1_101' title='bbox 753 2171 787 2225; x_wconf 86' lang='lat' dir='ltr'>te</span> <span class='ocrx_word' id='word_1_102' title='bbox 806 2157 1023 2254; x_wconf 61' lang='lat' dir='ltr'>supplentem,</span> <span class='ocrx_word' id='word_1_103' title='bbox 1044 2157 1188 2229; x_wconf 76' lang='lat' dir='ltr'>uitt’tibt&#39;</span> 
     </span>
     <span class='ocr_line' id='line_1_16' title="bbox 115 2251 1183 2360; baseline 0.002 -26"><span class='ocrx_word' id='word_1_104' title='bbox 115 2271 229 2334; x_wconf 77' lang='grc' dir='ltr'><em>ι’ναιω</em></span> <span class='ocrx_word' id='word_1_105' title='bbox 245 2287 360 2335; x_wconf 85' lang='lat' dir='ltr'>essem.</span> <span class='ocrx_word' id='word_1_106' title='bbox 390 2261 511 2334; x_wconf 80' lang='lat' dir='ltr'>Maluit</span> <span class='ocrx_word' id='word_1_107' title='bbox 529 2267 617 2334; x_wconf 91' lang='lat' dir='ltr'>enim</span> <span class='ocrx_word' id='word_1_108' title='bbox 640 2265 840 2360; x_wconf 89' lang='lat' dir='ltr'>impunitum</span> <span class='ocrx_word' id='word_1_109' title='bbox 870 2263 1033 2334; x_wconf 89' lang='lat' dir='ltr'>dimittere</span> <span class='ocrx_word' id='word_1_110' title='bbox 1041 2251 1065 2353; x_wconf 74' lang='lat'>⁴,</span> <span class='ocrx_word' id='word_1_111' title='bbox 1084 2289 1183 2360; x_wconf 83' lang='lat' dir='ltr'>quam</span> 
     </span>
     <span class='ocr_line' id='line_1_17' title="bbox 115 2371 760 2470; baseline -0.003 -30"><span class='ocrx_word' id='word_1_112' title='bbox 115 2386 256 2470; x_wconf 87' lang='lat' dir='ltr'>propter</span> <span class='ocrx_word' id='word_1_113' title='bbox 275 2374 358 2442; x_wconf 83' lang='lat' dir='ltr'>iram</span> <span class='ocrx_word' id='word_1_114' title='bbox 376 2373 509 2468; x_wconf 84' lang='lat' dir='ltr'>gravius</span> <span class='ocrx_word' id='word_1_115' title='bbox 526 2371 617 2466; x_wconf 87' lang='lat' dir='ltr'>justo</span> <span class='ocrx_word' id='word_1_116' title='bbox 633 2371 760 2466; x_wconf 90' lang='lat' dir='ltr'>punire.</span> 
     </span>
    </p>
   </div>
   <div class='ocr_carea' id='block_1_5' title="bbox 114 2568 1186 4241">
    <p class='ocr_par' dir='ltr' id='par_1_5' title="bbox 114 2568 1186 4241">
     <span class='ocr_line' id='line_1_18' title="bbox 114 2568 1182 2646; baseline 0.002 -20"><span class='ocrx_word' id='word_1_117' title='bbox 114 2577 160 2644; x_wconf 80' lang='lat' dir='ltr'>pti.</span> <span class='ocrx_word' id='word_1_118' title='bbox 173 2571 208 2626; x_wconf 86' lang='lat' dir='ltr'>Itl</span> <span class='ocrx_word' id='word_1_119' title='bbox 222 2586 261 2626; x_wconf 83' lang='lat' dir='ltr'>est</span> <span class='ocrx_word' id='word_1_120' title='bbox 269 2608 278 2635; x_wconf 91' lang='lat'>,</span> <span class='ocrx_word' id='word_1_121' title='bbox 294 2575 322 2626; x_wconf 86' lang='lat' dir='ltr'>in</span> <span class='ocrx_word' id='word_1_122' title='bbox 336 2575 462 2646; x_wconf 79' lang='lat' dir='ltr'>AEgypto.</span> <span class='ocrx_word' id='word_1_123' title='bbox 478 2571 625 2642; x_wconf 83' lang='lat' dir='ltr'>Regionum</span> <span class='ocrx_word' id='word_1_124' title='bbox 670 2588 772 2622; x_wconf 79' lang='lat' dir='ltr'>summe</span> <span class='ocrx_word' id='word_1_125' title='bbox 785 2570 836 2622; x_wconf 85' lang='lat' dir='ltr'>fuit</span> <span class='ocrx_word' id='word_1_126' title='bbox 847 2568 918 2642; x_wconf 78' lang='lat' dir='ltr'>apud</span> <span class='ocrx_word' id='word_1_127' title='bbox 933 2571 1065 2642; x_wconf 84' lang='lat' dir='ltr'>plurimos</span> <span class='ocrx_word' id='word_1_128' title='bbox 1079 2573 1115 2626; x_wconf 86' lang='lat' dir='ltr'>ob</span> <span class='ocrx_word' id='word_1_129' title='bbox 1128 2576 1182 2628; x_wconf 81' lang='lat' dir='ltr'>exi·</span> 
     </span>
     <span class='ocr_line' id='line_1_19' title="bbox 117 2649 1182 2722; baseline 0.002 -16"><span class='ocrx_word' id='word_1_130' title='bbox 117 2655 212 2720; x_wconf 76' lang='lat' dir='ltr'>efiem,</span> <span class='ocrx_word' id='word_1_131' title='bbox 230 2665 260 2706; x_wconf 89' lang='lat' dir='ltr'>ut</span> <span class='ocrx_word' id='word_1_132' title='bbox 280 2653 405 2718; x_wconf 85' lang='lat' dir='ltr'>urbium,</span> <span class='ocrx_word' id='word_1_133' title='bbox 419 2651 528 2706; x_wconf 76' lang='lat' dir='ltr'>nomint</span> <span class='ocrx_word' id='word_1_134' title='bbox 543 2650 626 2704; x_wconf 83' lang='lat' dir='ltr'>inter·</span> <span class='ocrx_word' id='word_1_135' title='bbox 670 2649 750 2702; x_wconf 75' lang='lat' dir='ltr'>mium</span> <span class='ocrx_word' id='word_1_136' title='bbox 760 2649 895 2704; x_wconf 81' lang='lat' dir='ltr'>virtutem.</span> <span class='ocrx_word' id='word_1_137' title='bbox 905 2649 1007 2722; x_wconf 76' lang='lat' dir='ltr'>Septies</span> <span class='ocrx_word' id='word_1_138' title='bbox 1015 2653 1118 2707; x_wconf 77' lang='lat' dir='ltr'>civibus</span> <span class='ocrx_word' id='word_1_139' title='bbox 1128 2654 1182 2708; x_wconf 78' lang='lat' dir='ltr'>mis</span> 
     </span>
     <span class='ocr_line' id='line_1_20' title="bbox 117 2728 1181 2804; baseline 0.001 -18"><span class='ocrx_word' id='word_1_140' title='bbox 117 2732 183 2786; x_wconf 87' lang='lat' dir='ltr'>dum</span> <span class='ocrx_word' id='word_1_141' title='bbox 203 2733 259 2787; x_wconf 77' lang='lat' dir='ltr'>sine</span> <span class='ocrx_word' id='word_1_142' title='bbox 276 2732 464 2804; x_wconf 64' lang='lat' dir='ltr'>prepositione</span> <span class='ocrx_word' id='word_1_143' title='bbox 477 2743 626 2803; x_wconf 82' lang='lat' dir='ltr'>ponuntur.</span> <span class='ocrx_word' id='word_1_144' title='bbox 669 2729 809 2800; x_wconf 72' lang='lat' dir='ltr'>prefectus</span> <span class='ocrx_word' id='word_1_145' title='bbox 829 2743 877 2782; x_wconf 77' lang='lat' dir='ltr'>est.</span> <span class='ocrx_word' id='word_1_146' title='bbox 894 2728 960 2783; x_wconf 84' lang='lat' dir='ltr'>vid.</span> <span class='ocrx_word' id='word_1_147' title='bbox 981 2731 1074 2785; x_wconf 77' lang='lat' dir='ltr'>Horat.</span> <span class='ocrx_word' id='word_1_148' title='bbox 1092 2733 1181 2788; x_wconf 80' lang='lat' dir='ltr'>Cerm.</span> 
     </span>
     <span class='ocr_line' id='line_1_21' title="bbox 161 2809 1182 2884; baseline -0.001 -17"><span class='ocrx_word' id='word_1_149' title='bbox 161 2833 185 2867; x_wconf 90' lang='lat' dir='ltr'>r.</span> <span class='ocrx_word' id='word_1_150' title='bbox 210 2813 370 2884; x_wconf 78' lang='lat' dir='ltr'>Cleopatram.</span> <span class='ocrx_word' id='word_1_151' title='bbox 388 2811 466 2864; x_wconf 79' lang='lat' dir='ltr'>Peter</span> <span class='ocrx_word' id='word_1_152' title='bbox 483 2811 563 2880; x_wconf 79' lang='lat' dir='ltr'>hujus</span> <span class='ocrx_word' id='word_1_153' title='bbox 582 2811 628 2863; x_wconf 87' lang='lat' dir='ltr'>ille</span> <span class='ocrx_word' id='word_1_154' title='bbox 670 2809 820 2874; x_wconf 74' lang='lat'>1,28.-</span> <span class='ocrx_word' id='word_1_155' title='bbox 833 2809 979 2879; x_wconf 80' lang='lat' dir='ltr'>Metaponti.</span> <span class='ocrx_word' id='word_1_156' title='bbox 997 2810 1182 2882; x_wconf 69' lang='lat' dir='ltr'>Metapontum</span> 
     </span>
     <span class='ocr_line' id='line_1_22' title="bbox 118 2887 1183 2964; baseline -0.001 -18"><span class='ocrx_word' id='word_1_157' title='bbox 118 2893 168 2946; x_wconf 82' lang='lat' dir='ltr'>luit</span> <span class='ocrx_word' id='word_1_158' title='bbox 182 2894 355 2958; x_wconf 63' lang='lat' dir='ltr'>ptolemeus,</span> <span class='ocrx_word' id='word_1_159' title='bbox 364 2911 443 2964; x_wconf 80' lang='lat' dir='ltr'>quem</span> <span class='ocrx_word' id='word_1_160' title='bbox 455 2891 587 2945; x_wconf 75' lang='lat' dir='ltr'>Gabinius</span> <span class='ocrx_word' id='word_1_161' title='bbox 599 2890 628 2942; x_wconf 87' lang='lat' dir='ltr'>in</span> <span class='ocrx_word' id='word_1_162' title='bbox 671 2889 754 2942; x_wconf 70' lang='lat' dir='ltr'>Italia</span> <span class='ocrx_word' id='word_1_163' title='bbox 768 2887 898 2959; x_wconf 82' lang='lat' dir='ltr'>oppidum</span> <span class='ocrx_word' id='word_1_164' title='bbox 910 2887 938 2940; x_wconf 89' lang='lat' dir='ltr'>in</span> <span class='ocrx_word' id='word_1_165' title='bbox 949 2887 1047 2942; x_wconf 73' lang='lat' dir='ltr'>linibus</span> <span class='ocrx_word' id='word_1_166' title='bbox 1058 2887 1183 2945; x_wconf 73' lang='lat' dir='ltr'>Terenti-</span> 
     </span>
     <span class='ocr_line' id='line_1_23' title="bbox 119 2966 1183 3044; baseline 0 -20"><span class='ocrx_word' id='word_1_167' title='bbox 119 2992 231 3044; x_wconf 86' lang='lat' dir='ltr'>regnum</span> <span class='ocrx_word' id='word_1_168' title='bbox 246 2971 401 3038; x_wconf 77' lang='lat' dir='ltr'>reduxerat,</span> <span class='ocrx_word' id='word_1_169' title='bbox 417 2973 517 3044; x_wconf 82' lang='lat' dir='ltr'>quique</span> <span class='ocrx_word' id='word_1_170' title='bbox 531 2982 628 3042; x_wconf 69' lang='lat' dir='ltr'>prater</span> <span class='ocrx_word' id='word_1_171' title='bbox 672 2969 713 3020; x_wconf 81' lang='lat' dir='ltr'>nis</span> <span class='ocrx_word' id='word_1_172' title='bbox 727 2966 865 3022; x_wconf 89' lang='lat' dir='ltr'>conditum</span> <span class='ocrx_word' id='word_1_173' title='bbox 880 2985 894 3019; x_wconf 79' lang='lat' dir='ltr'>e</span> <span class='ocrx_word' id='word_1_174' title='bbox 908 2968 1101 3034; x_wconf 78' lang='lat' dir='ltr'>Locrensibus,</span> <span class='ocrx_word' id='word_1_175' title='bbox 1118 2983 1183 3024; x_wconf 72' lang='lat' dir='ltr'>tute</span> 
     </span>
     <span class='ocr_line' id='line_1_24' title="bbox 119 3047 773 3123; baseline -0.009 -17"><span class='ocrx_word' id='word_1_176' title='bbox 119 3054 207 3106; x_wconf 84' lang='lat' dir='ltr'>fllium</span> <span class='ocrx_word' id='word_1_177' title='bbox 221 3065 285 3106; x_wconf 79' lang='lat' dir='ltr'>netu</span> <span class='ocrx_word' id='word_1_178' title='bbox 299 3055 426 3123; x_wconf 75' lang='lat' dir='ltr'>majorem</span> <span class='ocrx_word' id='word_1_179' title='bbox 439 3053 508 3106; x_wconf 77' lang='lat' dir='ltr'>hanc</span> <span class='ocrx_word' id='word_1_180' title='bbox 521 3068 629 3123; x_wconf 82' lang='lat' dir='ltr'>quoque</span> <span class='ocrx_word' id='word_1_181' title='bbox 671 3047 773 3100; x_wconf 72' lang='lat' dir='ltr'>Solium</span> 
     </span>
     <span class='ocr_line' id='line_1_25' title="bbox 119 3125 1182 3203; baseline -0.005 -17"><span class='ocrx_word' id='word_1_182' title='bbox 119 3133 204 3186; x_wconf 72' lang='lat' dir='ltr'>lilium</span> <span class='ocrx_word' id='word_1_183' title='bbox 215 3132 367 3203; x_wconf 78' lang='lat' dir='ltr'>Cleopatram</span> <span class='ocrx_word' id='word_1_184' title='bbox 376 3129 465 3202; x_wconf 86' lang='lat' dir='ltr'>(quod</span> <span class='ocrx_word' id='word_1_185' title='bbox 473 3149 572 3184; x_wconf 80' lang='lat' dir='ltr'>nomen</span> <span class='ocrx_word' id='word_1_186' title='bbox 581 3130 629 3182; x_wconf 80' lang='lat' dir='ltr'>ati·</span> <span class='ocrx_word' id='word_1_187' title='bbox 714 3129 740 3180; x_wconf 77' lang='lat'>3.</span> <span class='ocrx_word' id='word_1_188' title='bbox 761 3127 904 3179; x_wconf 61' lang='lat' dir='ltr'>novemur.</span> <span class='ocrx_word' id='word_1_189' title='bbox 917 3125 971 3178; x_wconf 79' lang='lat' dir='ltr'>ttit</span> <span class='ocrx_word' id='word_1_190' title='bbox 985 3132 1098 3190; x_wconf 71' lang='lat' dir='ltr'>ncerttt5</span> <span class='ocrx_word' id='word_1_191' title='bbox 1108 3129 1182 3200; x_wconf 83' lang='lat' dir='ltr'>quotl</span> 
     </span>
     <span class='ocr_line' id='line_1_26' title="bbox 120 3204 1182 3283; baseline -0.001 -19"><span class='ocrx_word' id='word_1_192' title='bbox 120 3209 373 3283; x_wconf 78' lang='lat' dir='ltr'>quamdiuffliorum</span> <span class='ocrx_word' id='word_1_193' title='bbox 385 3229 476 3282; x_wconf 78' lang='lat' dir='ltr'>regum</span> <span class='ocrx_word' id='word_1_194' title='bbox 489 3227 630 3264; x_wconf 84' lang='lat' dir='ltr'>commuue</span> <span class='ocrx_word' id='word_1_195' title='bbox 672 3204 744 3260; x_wconf 73' lang='lat' dir='ltr'>head</span> <span class='ocrx_word' id='word_1_196' title='bbox 753 3204 1062 3278; x_wconf 79' lang='lat' dir='ltr'>spernendum,propter</span> <span class='ocrx_word' id='word_1_197' title='bbox 1070 3225 1182 3280; x_wconf 75' lang='lat' dir='ltr'>sequens</span> 
     </span>
     <span class='ocr_line' id='line_1_27' title="bbox 119 3285 1183 3361; baseline -0.003 -17"><span class='ocrx_word' id='word_1_198' title='bbox 119 3293 202 3344; x_wconf 71' lang='lat' dir='ltr'>iuisoe</span> <span class='ocrx_word' id='word_1_199' title='bbox 211 3288 480 3355; x_wconf 80' lang='lat' dir='ltr'>videtur),heredcm</span> <span class='ocrx_word' id='word_1_200' title='bbox 493 3302 631 3344; x_wconf 74' lang='lat' dir='ltr'>tommen-</span> <span class='ocrx_word' id='word_1_201' title='bbox 672 3292 750 3358; x_wconf 80' lang='lat' dir='ltr'>coepit.</span> <span class='ocrx_word' id='word_1_202' title='bbox 762 3313 803 3330; x_wconf 66' lang='lat' dir='ltr'>-u</span> <span class='ocrx_word' id='word_1_203' title='bbox 816 3285 857 3340; x_wconf 83' lang='lat' dir='ltr'>Ae</span> <span class='ocrx_word' id='word_1_204' title='bbox 866 3287 1070 3358; x_wconf 74' lang='lat' dir='ltr'>rum....perdtta.</span> <span class='ocrx_word' id='word_1_205' title='bbox 1081 3289 1183 3361; x_wconf 79' lang='lat' dir='ltr'>Archy·</span> 
     </span>
     <span class='ocr_line' id='line_1_28' title="bbox 120 3365 1182 3441; baseline 0 -19"><span class='ocrx_word' id='word_1_206' title='bbox 120 3383 150 3424; x_wconf 88' lang='lat' dir='ltr'>to</span> <span class='ocrx_word' id='word_1_207' title='bbox 165 3372 271 3422; x_wconf 71' lang='lat' dir='ltr'>iecerat.</span> <span class='ocrx_word' id='word_1_208' title='bbox 284 3371 376 3440; x_wconf 82' lang='lat' dir='ltr'>Regno</span> <span class='ocrx_word' id='word_1_209' title='bbox 391 3383 479 3424; x_wconf 70' lang='lat' dir='ltr'>entem</span> <span class='ocrx_word' id='word_1_210' title='bbox 496 3371 629 3441; x_wconf 78' lang='lat' dir='ltr'>expulsu</span> <span class='ocrx_word' id='word_1_211' title='bbox 673 3379 743 3432; x_wconf 78' lang='lat' dir='ltr'>tum,</span> <span class='ocrx_word' id='word_1_212' title='bbox 758 3379 934 3439; x_wconf 65' lang='lat' dir='ltr'>praeterquam</span> <span class='ocrx_word' id='word_1_213' title='bbox 946 3365 1019 3439; x_wconf 80' lang='lat' dir='ltr'>quod</span> <span class='ocrx_word' id='word_1_214' title='bbox 1035 3365 1182 3440; x_wconf 73' lang='lat' dir='ltr'>disciplinis</span> 
     </span>
     <span class='ocr_line' id='line_1_29' title="bbox 119 3447 1182 3522; baseline -0.001 -19"><span class='ocrx_word' id='word_1_215' title='bbox 119 3451 207 3504; x_wconf 73' lang='lat' dir='ltr'>fratre</span> <span class='ocrx_word' id='word_1_216' title='bbox 219 3449 388 3506; x_wconf 79' lang='lat' dir='ltr'>bellumcum</span> <span class='ocrx_word' id='word_1_217' title='bbox 401 3468 434 3504; x_wconf 87' lang='lat' dir='ltr'>eo</span> <span class='ocrx_word' id='word_1_218' title='bbox 446 3449 537 3522; x_wconf 80' lang='lat' dir='ltr'>gessit,</span> <span class='ocrx_word' id='word_1_219' title='bbox 548 3465 631 3520; x_wconf 83' lang='lat' dir='ltr'>quum</span> <span class='ocrx_word' id='word_1_220' title='bbox 673 3447 864 3500; x_wconf 70' lang='lat' dir='ltr'>mathematicis</span> <span class='ocrx_word' id='word_1_221' title='bbox 883 3447 994 3518; x_wconf 70' lang='lat' dir='ltr'>aliisque</span> <span class='ocrx_word' id='word_1_222' title='bbox 1010 3465 1117 3518; x_wconf 75' lang='lat' dir='ltr'>operam</span> <span class='ocrx_word' id='word_1_223' title='bbox 1134 3447 1182 3502; x_wconf 86' lang='lat' dir='ltr'>de·</span> 
     </span>
     <span class='ocr_line' id='line_1_30' title="bbox 121 3525 1181 3600; baseline -0.001 -17"><span class='ocrx_word' id='word_1_224' title='bbox 121 3529 268 3600; x_wconf 78' lang='lat' dir='ltr'>Pompeius</span> <span class='ocrx_word' id='word_1_225' title='bbox 280 3547 294 3582; x_wconf 81' lang='lat' dir='ltr'>o</span> <span class='ocrx_word' id='word_1_226' title='bbox 305 3529 406 3582; x_wconf 65' lang='lat' dir='ltr'>Curre</span> <span class='ocrx_word' id='word_1_227' title='bbox 418 3530 504 3584; x_wconf 79' lang='lat' dir='ltr'>victus</span> <span class='ocrx_word' id='word_1_228' title='bbox 513 3529 541 3582; x_wconf 90' lang='lat' dir='ltr'>in</span> <span class='ocrx_word' id='word_1_229' title='bbox 553 3531 632 3600; x_wconf 76' lang='lat' dir='ltr'>AEgy·</span> <span class='ocrx_word' id='word_1_230' title='bbox 674 3525 730 3594; x_wconf 80' lang='lat' dir='ltr'>dit,</span> <span class='ocrx_word' id='word_1_231' title='bbox 745 3529 824 3582; x_wconf 75' lang='lat' dir='ltr'>etiem</span> <span class='ocrx_word' id='word_1_232' title='bbox 845 3525 1013 3598; x_wconf 67' lang='lat' dir='ltr'>agricultura</span> <span class='ocrx_word' id='word_1_233' title='bbox 1033 3526 1181 3582; x_wconf 79' lang='lat' dir='ltr'>studiosum</span> 
     </span>
     <span class='ocr_line' id='line_1_31' title="bbox 122 3605 1181 3682; baseline -0.001 -20"><span class='ocrx_word' id='word_1_234' title='bbox 122 3622 202 3682; x_wconf 87' lang='lat' dir='ltr'>ptum</span> <span class='ocrx_word' id='word_1_235' title='bbox 217 3609 354 3680; x_wconf 82' lang='lat' dir='ltr'>profugit,</span> <span class='ocrx_word' id='word_1_236' title='bbox 371 3607 556 3680; x_wconf 66' lang='lat' dir='ltr'>tandemque·</span> <span class='ocrx_word' id='word_1_237' title='bbox 574 3609 631 3662; x_wconf 65' lang='lat' dir='ltr'>Ca·</span> <span class='ocrx_word' id='word_1_238' title='bbox 674 3605 1081 3680; x_wconf 76' lang='lat' dir='ltr'>iuirse‚epperete1eo‚qucd</span> <span class='ocrx_word' id='word_1_239' title='bbox 1095 3610 1181 3664; x_wconf 77' lang='lat' dir='ltr'>Verre</span> 
     </span>
     <span class='ocr_line' id='line_1_32' title="bbox 122 3686 1182 3761; baseline 0.002 -18"><span class='ocrx_word' id='word_1_240' title='bbox 122 3708 201 3754; x_wconf 78' lang='lat' dir='ltr'>ure,</span> <span class='ocrx_word' id='word_1_241' title='bbox 218 3687 314 3742; x_wconf 84' lang='lat' dir='ltr'>ecdem</span> <span class='ocrx_word' id='word_1_242' title='bbox 327 3689 450 3742; x_wconf 81' lang='lat' dir='ltr'>veniente</span> <span class='ocrx_word' id='word_1_243' title='bbox 464 3689 492 3742; x_wconf 85' lang='lat' dir='ltr'>in</span> <span class='ocrx_word' id='word_1_244' title='bbox 505 3706 631 3761; x_wconf 66' lang='lat' dir='ltr'>regnum</span> <span class='ocrx_word' id='word_1_245' title='bbox 674 3687 854 3742; x_wconf 77' lang='lat' dir='ltr'>etColumelle</span> <span class='ocrx_word' id='word_1_246' title='bbox 862 3687 931 3738; x_wconf 82' lang='lat' dir='ltr'>inter</span> <span class='ocrx_word' id='word_1_247' title='bbox 940 3686 1080 3758; x_wconf 76' lang='lat' dir='ltr'>scriptore·</span> <span class='ocrx_word' id='word_1_248' title='bbox 1088 3691 1126 3744; x_wconf 84' lang='lat' dir='ltr'>rei</span> <span class='ocrx_word' id='word_1_249' title='bbox 1135 3709 1182 3744; x_wconf 79' lang='lat' dir='ltr'>ru·</span> 
     </span>
     <span class='ocr_line' id='line_1_33' title="bbox 123 3765 1030 3838; baseline -0.003 -14"><span class='ocrx_word' id='word_1_250' title='bbox 123 3769 245 3824; x_wconf 78' lang='lat' dir='ltr'>restitute</span> <span class='ocrx_word' id='word_1_251' title='bbox 257 3783 305 3824; x_wconf 76' lang='lat' dir='ltr'>est</span> <span class='ocrx_word' id='word_1_252' title='bbox 319 3769 397 3826; x_wconf 78' lang='lat' dir='ltr'>conr.</span> <span class='ocrx_word' id='word_1_253' title='bbox 411 3769 496 3823; x_wconf 74' lang='lat' dir='ltr'>Cnnr</span> <span class='ocrx_word' id='word_1_254' title='bbox 509 3768 542 3823; x_wconf 87' lang='lat' dir='ltr'>de</span> <span class='ocrx_word' id='word_1_255' title='bbox 558 3769 632 3824; x_wconf 81' lang='lat' dir='ltr'>Bello</span> <span class='ocrx_word' id='word_1_256' title='bbox 675 3768 746 3821; x_wconf 69' lang='lat' dir='ltr'>stica</span> <span class='ocrx_word' id='word_1_257' title='bbox 757 3781 783 3819; x_wconf 84' lang='lat' dir='ltr'>et</span> <span class='ocrx_word' id='word_1_258' title='bbox 800 3768 888 3838; x_wconf 76' lang='lat' dir='ltr'>ipsum</span> <span class='ocrx_word' id='word_1_259' title='bbox 903 3765 1030 3820; x_wconf 76' lang='lat' dir='ltr'>scierunt.</span> 
     </span>
     <span class='ocr_line' id='line_1_34' title="bbox 124 3845 1184 3916; baseline 0.001 -14"><span class='ocrx_word' id='word_1_260' title='bbox 124 3849 183 3903; x_wconf 75' lang='lat' dir='ltr'>civ.</span> <span class='ocrx_word' id='word_1_261' title='bbox 200 3849 258 3913; x_wconf 89' lang='lat'>111,</span> <span class='ocrx_word' id='word_1_262' title='bbox 274 3858 334 3904; x_wconf 81' lang='lat'>103.</span> <span class='ocrx_word' id='word_1_263' title='bbox 717 3845 1184 3916; x_wconf 58' lang='lat' dir='ltr'>communicandorum</span> 
     </span>
     <span class='ocr_line' id='line_1_35' title="bbox 166 3927 905 4003; baseline -0.008 -20"><span class='ocrx_word' id='word_1_264' title='bbox 166 3949 193 3983; x_wconf 76' lang='lat' dir='ltr'>s.</span> <span class='ocrx_word' id='word_1_265' title='bbox 203 3929 347 3984; x_wconf 66' lang='lat' dir='ltr'>Tamum</span> <span class='ocrx_word' id='word_1_266' title='bbox 357 3927 554 4003; x_wconf 69' lang='lat' dir='ltr'>ArchytotMitl.</span> <span class='ocrx_word' id='word_1_267' title='bbox 562 3927 631 3981; x_wconf 86' lang='lat' dir='ltr'>Plut.</span> <span class='ocrx_word' id='word_1_268' title='bbox 675 3927 773 3981; x_wconf 80' lang='lat' dir='ltr'>rectius</span> <span class='ocrx_word' id='word_1_269' title='bbox 784 3945 905 3978; x_wconf 74' lang='lat' dir='ltr'>sumerem.</span> 
     </span>
     <span class='ocr_line' id='line_1_36' title="bbox 125 4005 1184 4081; baseline -0.001 -19"><span class='ocrx_word' id='word_1_270' title='bbox 125 4006 159 4062; x_wconf 83' lang='lat' dir='ltr'>de</span> <span class='ocrx_word' id='word_1_271' title='bbox 176 4010 286 4064; x_wconf 76' lang='lat' dir='ltr'>Pueros.</span> <span class='ocrx_word' id='word_1_272' title='bbox 295 4009 372 4064; x_wconf 86' lang='lat' dir='ltr'>educ.</span> <span class='ocrx_word' id='word_1_273' title='bbox 383 4029 407 4063; x_wconf 88' lang='lat' dir='ltr'>e.</span> <span class='ocrx_word' id='word_1_274' title='bbox 420 4011 473 4075; x_wconf 70' lang='lat'>233</span> <span class='ocrx_word' id='word_1_275' title='bbox 484 4010 541 4064; x_wconf 89' lang='lat' dir='ltr'>Cic.</span> <span class='ocrx_word' id='word_1_276' title='bbox 552 4009 633 4062; x_wconf 77' lang='lat' dir='ltr'>Tute.</span> <span class='ocrx_word' id='word_1_277' title='bbox 718 4007 744 4060; x_wconf 69' lang='grc' dir='ltr'>ὅ.</span> <span class='ocrx_word' id='word_1_278' title='bbox 757 4007 895 4060; x_wconf 67' lang='lat' dir='ltr'>Matris...</span> <span class='ocrx_word' id='word_1_279' title='bbox 905 4005 1031 4060; x_wconf 72' lang='lat' dir='ltr'>dimittere.</span> <span class='ocrx_word' id='word_1_280' title='bbox 1042 4007 1112 4061; x_wconf 77' lang='lat' dir='ltr'>Male</span> <span class='ocrx_word' id='word_1_281' title='bbox 1124 4009 1184 4081; x_wconf 84' lang='lat' dir='ltr'>qui·</span> 
     </span>
     <span class='ocr_line' id='line_1_37' title="bbox 125 4085 1186 4163; baseline 0.003 -23"><span class='ocrx_word' id='word_1_282' title='bbox 125 4088 237 4154; x_wconf 64' lang='lat' dir='ltr'>two.</span> <span class='ocrx_word' id='word_1_283' title='bbox 247 4091 309 4144; x_wconf 78' lang='lat' dir='ltr'>Fuit</span> <span class='ocrx_word' id='word_1_284' title='bbox 317 4091 492 4163; x_wconf 77' lang='lat' dir='ltr'>philosophus</span> <span class='ocrx_word' id='word_1_285' title='bbox 499 4089 633 4163; x_wconf 72' lang='lat' dir='ltr'>Pythago·</span> <span class='ocrx_word' id='word_1_286' title='bbox 676 4085 758 4140; x_wconf 86' lang='lat' dir='ltr'>dem:</span> <span class='ocrx_word' id='word_1_287' title='bbox 779 4099 883 4158; x_wconf 82' lang='lat' dir='ltr'>poterat</span> <span class='ocrx_word' id='word_1_288' title='bbox 902 4087 972 4140; x_wconf 85' lang='lat' dir='ltr'>enim</span> <span class='ocrx_word' id='word_1_289' title='bbox 996 4087 1048 4140; x_wconf 73' lang='lat' dir='ltr'>alio</span> <span class='ocrx_word' id='word_1_290' title='bbox 1066 4101 1186 4161; x_wconf 84' lang='lat' dir='ltr'>tempore</span> 
     </span>
     <span class='ocr_line' id='line_1_38' title="bbox 125 4167 1185 4241; baseline 0.002 -21"><span class='ocrx_word' id='word_1_291' title='bbox 125 4169 197 4222; x_wconf 82' lang='lat' dir='ltr'>ricus</span> <span class='ocrx_word' id='word_1_292' title='bbox 209 4171 395 4224; x_wconf 79' lang='lat' dir='ltr'>nobilissimus.</span> <span class='ocrx_word' id='word_1_293' title='bbox 414 4167 561 4226; x_wconf 76' lang='lat' dir='ltr'>Admimtio</span> <span class='ocrx_word' id='word_1_294' title='bbox 577 4172 633 4238; x_wconf 80' lang='lat' dir='ltr'>ejus</span> <span class='ocrx_word' id='word_1_295' title='bbox 677 4187 739 4220; x_wconf 86' lang='lat' dir='ltr'>eum</span> <span class='ocrx_word' id='word_1_296' title='bbox 748 4169 843 4238; x_wconf 82' lang='lat' dir='ltr'>punire</span> <span class='ocrx_word' id='word_1_297' title='bbox 851 4202 860 4231; x_wconf 87' lang='lat'>,</span> <span class='ocrx_word' id='word_1_298' title='bbox 869 4185 919 4222; x_wconf 81' lang='lat' dir='ltr'>nec</span> <span class='ocrx_word' id='word_1_299' title='bbox 929 4168 986 4222; x_wconf 73' lang='lat' dir='ltr'>eliis</span> <span class='ocrx_word' id='word_1_300' title='bbox 994 4169 1185 4241; x_wconf 72' lang='lat' dir='ltr'>negligentibus</span> 
     </span>
    </p>
   </div>
   <div class='ocr_carea' id='block_1_6' title="bbox 0 0 1609 5122">
    <p class='ocr_par' dir='ltr' id='par_1_6' title="bbox 0 0 1609 5122">
     <span class='ocr_line' id='line_1_39' title="bbox 0 0 1609 5122; baseline 0 0"><span class='ocrx_word' id='word_1_301' title='bbox 0 0 1609 5122; x_wconf 95' lang='lat' dir='ltr'> </span> 
     </span>
    </p>
   </div>
  </div>
 </body>
</html>
