3168 5124
392 537 469 624 llo
612 534 838 602 VALERII
871 531 1076 600 mlxlml
1111 533 1205 600 LIB.
1234 533 1299 600 VI.

280 705 284 714 r
392 669 454 739 sibi
480 667 618 738 invisam
638 667 801 738 obscoenis
824 664 1006 738 maledictis
1026 663 1248 751 laceraverat,
1275 665 1465 735 carminum

392 774 505 844 exsilio
527 773 719 844 multarunt.

448 934 480 978 a.
496 908 714 978 Athenienses
729 922 841 978 autern
856 904 1099 1002 Timagoram¹‚
1111 907 1197 975 inter
1210 904 1357 975 officium
1372 906 1462 976 salu·

392 1015 524 1084 tationis
543 1015 686 1086 Darium
701 1039 814 1110 regem
831 1039 924 1084 more
939 1014 1046 1108 gentis
1059 1010 1143 1082 illius
1158 1010 1359 1099 adulatum²,
1369 1015 1461 1108 capi·

390 1119 449 1190 tali
468 1120 631 1217 supplicio
649 1120 853 1212 affecerunt;
873 1121 971 1192 unius
991 1121 1073 1191 civis
1094 1119 1274 1189 humilibus
1293 1117 1460 1188 blanditiis

393 1229 494 1298 totius
522 1229 613 1298 urbis
642 1253 708 1299 suae
736 1228 837 1298 decus
859 1229 994 1326 persicae
1018 1226 1235 1296 dominationi
1259 1226 1459 1296 submissum

393 1336 538 1428 graviter
559 1335 710 1405 ferentes.

447 1466 480 1538 3.
504 1471 579 1538 lam
602 1454 805 1565 Cambyses³
821 1469 985 1539 inusitatas
1003 1453 1204 1556 severitatis,
1225 1467 1282 1562 qui
1301 1467 1391 1536 mali
1406 1491 1460 1536 cu-

382 1575 665 1668 Jicsdamjrtdtcis
682 1600 729 1647 ex
749 1601 892 1672 corpore
903 1575 1032 1672 pellem
1053 1575 1267 1662 detractam,
1290 1575 1389 1644 sellae
1407 1581 1461 1643 in-

393 1682 504 1768 tendi,
523 1687 559 1752 in
573 1707 684 1778 eaque
690 1675 812 1778 filiuni
824 1682 1137 1776 ejusJirdicaturum
1157 1681 1334 1776 considere
1346 1682 1460 1775 jussit:

393 1805 549 1858 caeterum
564 1804 598 1858 et
612 1815 686 1878 rex,
700 1804 734 1859 et
748 1790 926 1878 barbarus,
935 1791 1040 1860 atroci
1055 1813 1093 1860 ac
1108 1813 1195 1858 nova
1214 1812 1313 1884 poena
1326 1787 1465 1882 judicis,

393 1897 524 1990 nequis
546 1911 661 1992 postca
683 1899 852 1992 corrumpi
868 1896 970 1990 judex
989 1910 1118 1994 posset,
1139 1895 1294 1992 providit

393 2096 530 2150 clrilochm
551 2099 668 2151 carmine
686 2097 799 2152 iambico
820 2097 857 2152 sic
877 2097 905 2150 in
949 2099 1000 2164 IV,
1015 2117 1042 2169 7,
1056 2109 1108 2152 ext.
1125 2117 1154 2164 a,
1167 2097 1281 2158 adulata,
1297 2095 1336 2149 ita
1350 2095 1397 2150 hic
1408 2097 1465 2148 dn·

393 2195 455 2229 cum
471 2189 510 2230 est
525 2177 659 2244 invectus,
675 2189 705 2231 ut
720 2196 782 2231 mam
799 2177 906 2231 filiabus
950 2179 1026 2230 latiora
1038 2177 1166 2244 retinere,
1182 2189 1240 2230 tum
1254 2188 1369 2248 propter
1388 2176 1462 2230 MSS.

393 2275 449 2326 praa
471 2255 564 2310 dolore
585 2259 667 2311 vitum
691 2259 786 2330 laqueo
807 2257 905 2310 finiret.
950 2255 1045 2312 etedd.
1053 2255 1370 2328 consensumstumquod
1378 2257 1463 2329 ipsum

395 2335 463 2388 Hinc
474 2336 566 2390 Horat.
576 2335 611 2390 de
619 2341 685 2390 Arte
693 2338 810 2409 poetica,
819 2337 908 2390 Anto·-
950 2356 1057 2410 quoquc
1065 2337 1164 2390 adulari
1170 2335 1204 2390 dc
1212 2335 1258 2390 uli
1267 2355 1297 2390 rc
1305 2349 1462 2408 usurpatum

395 2417 499 2478 laelium,
513 2417 615 2488 inquit,
626 2421 725 2488 proprio
737 2417 815 2468 rabies
826 2437 907 2469 arma·
949 2418 1091 2489 reperitur.
1106 2418 1165 2471 Liv.
1179 2418 1234 2482 lx,
1249 2417 1302 2483 18,
1315 2417 1463 2469 hidarum

396 2499 429 2546 vit
438 2497 523 2548 iambo.
533 2493 597 2548 vid.
606 2497 682 2550 Coelii
691 2496 835 2567 Rhodigin.
845 2497 906 2550 lect.
951 2499 1016 2550 humi
1021 2501 1153 2568 jacentium
1163 2497 1323 2550 adulationes.

396 2575 477 2646 antiq.
489 2575 542 2631 vl.
560 2575 606 2628 36.
992 2577 1019 2631 3.
1037 2575 1248 2652 ΟαωόῙωΝἰά.
1263 2575 1391 2630 Herodot.
1406 2579 1462 2640 ΙΠ;

441 2673 466 2708 ι.
486 2655 650 2724 Timagoran.
661 2653 725 2709 vid.
737 2655 808 2710 Plut.
819 2656 848 2710 in
859 2658 909 2710 Ar·
951 2659 1051 2710 Lucan.
1062 2658 1097 2710 X.
1108 2687 1149 2700 -
1158 2657 1304 2712 Severitatis.
1316 2659 1400 2708 lmo
1408 2677 1461 2728 po-

398 2747 510 2788 taxerxe.
951 2739 1004 2790 tius
1015 2735 1185 2790 crudelitatis.
1197 2736 1268 2802 Quid
1280 2737 1366 2789 lecerit
1376 2737 1457 2788 fnui

439 2835 464 2866 a.
483 2814 553 2868 Illius
568 2813 700 2867 adulatum.
712 2815 792 2881 Quod
803 2815 909 2888 illicpo·
952 2815 1066 2888 Mergirli
1082 2820 1190 2889 ejusque
1205 2817 1294 2877 uxori,
1306 2813 1368 2886 quid
1381 2815 1455 2867 Pra-

397 2898 490 2947 ωιυνιῐν
506 2907 610 2946 vocant.
621 2893 686 2947 Vid.
699 2897 795 2968 Nepot.
808 2897 861 2960 lx,
882 2899 907 2949 3.
953 2895 1068 2968 iaspidi,
1077 2909 1188 2950 constat.
1198 2929 1239 2941 -
1249 2896 1347 2950 ludica.
1358 2895 1457 2948 Sinam·

284 3025 286 3035 ,
397 2974 537 3026 Salmasius
554 2973 694 3044 legendum
714 2987 803 3029 censet
819 2977 908 3028 adora·
952 2977 1006 3042 nis,
1022 2978 1097 3048 cujus
1112 2977 1182 3030 lilius
1195 2977 1365 3030 Ottanes.-
1380 2976 1463 3028 luteu-

399 3066 462 3116 tum;
475 3053 520 3106 secl
538 3055 758 3120 natumnatum
771 3067 801 3110 ut
815 3075 911 3128 supra,
952 3057 985 3109 di.
1001 3057 1134 3128 Exquisite
1147 3076 1198 3128 pro
1216 3055 1386 3112 circumdari.
