3218 5128
399 529 444 610 52
598 535 823 606 vannnn
857 492 1067 602 usxrin
1102 533 1200 602 Lm.
1233 535 1262 602 ι.

394 671 447 740 ad
463 675 572 739 oz'tam
594 684 628 736 et
649 668 824 736 comitium
849 679 959 752 turus,
982 665 1080 759 quod
1100 681 1245 760 utmqroe
1265 665 1340 736 daec
1358 668 1461 738 corde

393 782 651 846 contererentur.
664 774 784 867 Erupit
795 770 913 840 demde
926 795 1042 840 eorum
1051 769 1302 866 'parricidium
1313 773 1460 866 quidum

393 897 427 952 te
446 881 619 950 hominum
642 902 781 948 numero
798 877 993 946 subtrahere
1006 876 1145 965 volunt,
1160 877 1299 948 deorum
1319 879 1459 948 concilio

393 987 594 1081 adjecerunt
1192 979 1215 1010 '·

499 1133 551 1186 DE
571 1129 785 1184 PRODIGIIS
805 1129 896 1195 QUAE
916 1127 1110 1182 EVENERE
1129 1127 1346 1184 EXTERNIS.

452 1275 480 1330 1.
494 1257 676 1328 Claudatur
685 1257 751 1326 hoc
763 1253 915 1350 exemplo
929 1252 1043 1323 talium
1061 1267 1267 1324 ostentorum
1279 1255 1460 1326 domestica

393 1360 530 1452 relatio,
553 1389 595 1433 ne
619 1353 646 1432 si
669 1363 806 1432 ulterius
839 1384 977 1430 romana
1003 1359 1274 1455 apprehendero,
1298 1386 1317 1429 e
1337 1359 1456 1454 oaelesti

393 1471 516 1567 templo
529 1469 571 1540 ad
587 1471 733 1565 privatas
748 1463 887 1561 domos,
899 1491 967 1535 non
982 1480 1220 1536 consentaneos
1238 1465 1334 1536 usns'
1351 1481 1458 1537 trans-

393 1579 503 1648 tulisse
525 1577 646 1644 videar.
668 1547 836 1670 Attingam
859 1574 960 1668 igitur
985 1588 1148 1642 externa:
1176 1599 1248 1668 quae
1274 1571 1417 1642 latinis
1408 1600 1457 1642 rn-

391 1701 478 1754 serta
503 1683 621 1768 literis,
647 1695 685 1748 ut
711 1681 914 1748 auctoritatis
939 1679 1048 1747 minus
1061 1664 1239 1766 ³habent,
1265 1681 1309 1748 ita
1336 1677 1458 1774 aliquid

391 1805 493 1886 gratae
506 1788 672 1858 varietatis
685 1785 806 1856 afferre
824 1799 971 1880 possunt
988 1787 1030 1853 In
1045 1787 1192 1854 exercitu
1204 1787 1342 1874 Xerxis,
1358 1811 1457 1880 quem

390 1897 548 1966 adversus
569 1895 775 1990 provinciam
799 1893 962 1962 Graeciam
985 1906 1220 1979 contraxerat,
1209 1917 1340 2030 ‚epure
1360 1908 1457 1988 partu

391 2004 537 2098 leporem
552 2001 677 2070 editum
691 2013 838 2086 constat,
852 1998 969 2068 eodem
987 2011 1134 2067 montem
1154 1998 1268 2068 Athon
1308 2023 1362 2066 vix
1380 2013 1458 2068 tan-

391 2109 466 2180 dem
487 2124 701 2202 transgresso
731 2107 811 2194 Quo
838 2129 958 2199 genere
985 2089 1148 2174 monstri⁵
1170 2107 1254 2174 tanti
1280 2120 1461 2202 apparatus

392 2293 482 2344 ulla
459 2307 596 2362 eJmnoxs
611 2285 789 2351 advenissent,
810 2285 903 2358 Spuri·
947 2287 1056 2341 mesties
1082 2288 1199 2359 exemplu
1225 2287 1308 2360 magis
1335 2301 1460 2355 movent,

392 2389 456 2426 nam
476 2366 616 2421 irrideus:
639 2392 650 2414 ι
667 2363 785 2430 Adsunt,
801 2366 903 2438 inquit,
947 2384 1028 2438 quarn
1048 2378 1165 2421 externa.
1185 2367 1273 2421 Potest
1295 2386 1401 2440 quoque
1421 2370 1459 2422 sie

394 2449 475 2514 Idus,
490 2467 507 2500 o
520 2446 649 2518 Spurius!
660 2471 671 2492 ι
683 2443 733 2496 Cui
746 2445 790 2497 ille
804 2463 812 2498 ε
830 2470 840 2491 ι
852 2443 905 2497 Ad·
947 2447 1073 2518 explicari
1085 2465 1092 2500 ε
1102 2465 1181 2518 quam
1192 2446 1334 2512 haberent,
1343 2449 1366 2500 si
1375 2467 1459 2520 grues

393 2541 457 2583 sunt
467 2523 590 2599 quidem,
604 2523 650 2578 sed
665 2522 786 2576 nondum
799 2536 905 2595 prseter-
948 2527 976 2578 in
985 2545 1015 2579 es
1025 2527 1122 2590 forma,
1132 2545 1273 2598 qusffrnce
1279 2527 1375 2600 scripta
1383 2541 1459 2594 sunt,

395 2610 494 2661 ierunt.
504 2631 515 2654 ι
525 2607 607 2670 Item,
617 2621 700 2676 quum
707 2603 735 2656 iu
743 2603 905 2674 Capitolium
947 2606 1130 2658 reniterentur.

395 2689 445 2741 iret
454 2681 908 2753 Ctessr‚multitudinestipatus,di·
990 2685 1120 2749 Amison.
1128 2684 1212 2738 Athos
1222 2697 1310 2740 tantus
1319 2685 1460 2739 monsMs·

395 2767 463 2820 xisse
475 2765 616 2834 Spurinam
625 2765 729 2816 Iensnt:
741 2788 751 2810 ι
762 2761 807 2814 Sol
819 2760 906 2815 tendit
949 2762 1206 2836 adnuimusque
1217 2763 1251 2818 sd
1262 2766 1375 2819 insulam
1383 2767 1462 2819 Lem·

396 2845 429 2900 ad
437 2845 569 2899 occasum!
580 2869 591 2892 ι
602 2843 697 2896 -Cui
706 2843 748 2896 ille
758 2840 907 2912 respondis·
949 2863 1015 2898 num
1026 2845 1149 2898 umbram
1163 2844 1323 2916 protendere
1335 2845 1460 2918 fingatur.

397 2945 425 2980 se
435 2924 551 2978 dicitur:
567 2923 633 2976 -sol
641 2924 708 2976 bene
720 2920 818 2975 tenditi
835 2947 847 2971 ι
866 2953 907 2966 -
950 2923 1014 2990 Hic,
1033 2927 1107 2994 jussu
1122 2924 1232 2990 Xerxis,
1251 2925 1327 2979 1500
1340 2926 1460 2997 passibus

398 3007 427 3058 V
424 3013 490 3059 itam.
504 3005 565 3058 Non
580 3002 613 3056 ad
625 3000 847 3068 conservandam,
861 2999 907 3055 sed
950 3003 1079 3056 abscissus
1097 3015 1175 3056 estet
1192 3005 1346 3076 navigabilis
1366 3005 1459 3058 Iactus.

397 3084 432 3139 ad
440 3081 644 3154 extinguendam
656 3083 747 3135 sitam.
950 3081 990 3136 Ex
1005 3081 1141 3136 Herodoto
1153 3083 1250 3154 liquet,
1264 3103 1319 3136 non
1330 3082 1377 3136 diu
1388 3097 1462 3156 post,

441 3182 464 3216 1.
481 3164 583 3216 Eorum.
604 3161 666 3214 scil.
680 3160 771 3222 Cassii,
787 3161 834 3232 qui
853 3162 908 3232 pri-
951 3181 1030 3234 quam
1054 3161 1255 3232 Hellespontum
1278 3165 1378 3218 Xerxes
1398 3181 1462 3216 enm

398 3263 457 3297 mus
479 3242 556 3296 letale
581 3240 677 3292 vulnus
702 3240 726 3291 ei
751 3239 861 3304 intulit,
883 3253 909 3294 et
952 3241 1191 3312 copiistransierst,
1201 3240 1351 3313 prodigium
1362 3243 1463 3314 leporis

398 3323 482 3380 Bruti,
511 3337 590 3393 quem
610 3319 661 3372 filii
679 3319 761 3370 instar
782 3318 910 3372 habuerat
952 3339 983 3374 ex
1009 3339 1075 3392 equs
1095 3321 1150 3372 usti
1174 3322 1320 3393 contigisse.
1341 3355 1383 3366 —
1408 3323 1461 3375 Vir

400 3404 543 3458 Casssr.-
555 3401 605 3451 An.
616 3399 650 3450 U.
666 3415 731 3468 7⁰9·
748 3398 803 3450 Cic.
815 3397 869 3452 div.
880 3401 907 3466 1,
954 3401 1047 3452 tandm
1063 3411 1217 3469 transgresso.
1231 3401 1284 3456 Alii
1295 3402 1439 3456 habentsio
1452 3421 1459 3454 :

402 3477 699 3550 523Plin.ll‚37;lul.
709 3475 909 3549 0bseq.o.127;
950 3481 1022 3548 juxta
1049 3479 1119 3532 Idam
1143 3492 1298 3550 transgresso.
1319 3483 1398 3535 Male.
1419 3482 1461 3536 Ex

401 3561 471 3614 Plnt.
488 3561 553 3613 Cas.
569 3578 597 3629 p.
615 3557 682 3628 737.
953 3557 1091 3611 Herodoto
1098 3559 1169 3612 enim
1177 3571 1248 3631 patet
1256 3561 1403 3626 lib.vl1‚c.
1414 3562 1462 3631 57,

444 3658 471 3692 a.
493 3640 563 3691 Usus.
583 3637 686 3690 Mavult
705 3637 810 3708 Lipsius
826 3637 912 3707 legere
951 3639 1006 3708 jam
1028 3636 1132 3710 pridem
1149 3637 1224 3692 ldsm
1241 3653 1358 3694 montem
1376 3653 1463 3694 trans·

401 3721 483 3778 τίσω,
501 3717 552 3770 hoc
570 3736 647 3770 sensu
666 3735 672 3770 :
689 3717 781 3782 Quum
799 3714 834 3768 de
848 3715 911 3768 diso
954 3718 1015 3772 iisse
1032 3718 1161 3785 Xerxem,
1174 3737 1257 3790 quum
1269 3719 1422 3793 prodigium
1436 3719 1463 3773 ei

402 3797 475 3850 Iulio
499 3795 631 3866 dixerim,
656 3794 776 3849 claudam
803 3815 911 3848 romana
955 3795 1085 3869 ejusmodi
1098 3799 1250 3853 offerretur.

403 3875 539 3947 exempla,
555 3893 603 3928 nec
619 3877 709 3930 oeulos
724 3894 816 3947 purum
835 3874 913 3930 deco·
996 3884 1020 3932 ⁵.
1033 3878 1179 3938 Monstrum,
1188 3897 1230 3932 res
1239 3878 1306 3941 mira
1318 3896 1377 3950 qun
1386 3897 1463 3931 mom

403 3954 599 4010 retransferam
613 3957 701 4008 eooelo
714 3974 805 4010 rursus
816 3953 848 4008 ad
862 3969 913 4008 ter·
955 3969 1061 4010 stratur.
1088 3989 1129 4001 --
1156 3958 1230 4010 Tanti
1253 3971 1391 4029 apparatus.
1422 3959 1463 4011 Ds

404 4055 462 4088 rsm
479 4053 485 4088 :
502 4031 574 4104 quod
591 4031 720 4088 adulatori
733 4035 839 4088 Valerio
855 4053 910 4088 uon
955 4037 1051 4090 Xerxis
1060 4038 1144 4109 copiis
1154 4036 1305 4109 discrepant
1312 4037 1465 4108 scriptores„

405 4115 472 4168 male
486 4127 553 4166 esset
564 4111 796 4166 acommodatum.
956 4115 1083 4172 Nonnulli
1096 4117 1180 4182 enim,
1194 4137 1256 4170 enm
1267 4116 1466 4180 Aaoonsviurn

445 4193 471 4248 3.
493 4195 655 4249 Amtoritstis
675 4195 760 4246 minus.
781 4191 912 4270 Quiado·
956 4206 983 4248 et
1007 4213 1157 4266 s,uoo‚ooo
1178 4197 1310 4264 militum,
1337 4196 1381 4252 alii
1400 4214 1470 4252 sere
