3218 5128
131 561 1194 592 mmm-mmmmmmmwwwwummm

587 759 737 836 VITA

122 1195 129 1208 ,
194 943 640 1169 vatnam
699 1027 1122 1162 Maximi

321 1368 627 1462 INCERTO
668 1366 995 1458 AUCTORE.

478 1657 846 1692 ..Ἀθ-

137 1855 373 1977 Vinnium
395 1904 614 1986 Maurum,
630 1901 710 1966 civis
728 1921 902 1983 romanus,
921 1903 1059 1994 patricio
1078 1927 1197 1996 genere

132 2025 251 2098 natus,
264 2033 398 2079 omnem
416 2007 591 2101 pueritiam
605 2018 639 2073 et
652 2028 807 2098 magnam
825 2003 1051 2075 adolescentiae
1070 2023 1198 2102 partem

132 2115 254 2185 litteris
270 2112 508 2210 percipiendis,
526 2125 560 2179 et
576 2111 722 2180 honestis
740 2109 865 2180 artibus
885 2111 986 2180 dedit.
1002 2113 1099 2202 Inde,
1116 2139 1200 2184 surn-

132 2234 194 2317 pta
214 2219 301 2290 virili
315 2235 406 2316 toga,
421 2217 455 2288 se
468 2215 607 2289 contulit
619 2217 662 2286 ad
676 2217 723 2284 rei
737 2214 885 2287 militaris
898 2217 1121 2313 disciplinam3
1143 2221 1198 2290 ubi

134 2326 327 2424 aliquandiu
341 2325 504 2422 stipendia
519 2323 650 2410 fecisse,
667 2325 748 2392 etin
765 2325 876 2393 Asiam
892 2349 969 2394 curn
985 2327 1085 2396 Sexto
1100 2329 1196 2396 Porn-

134 2435 210 2530 peio
232 2433 403 2530 navigasse
426 2431 553 2502 dicitur.
576 2429 675 2499 Unde
697 2453 868 2518 reversus,
890 2455 992 2525 quum
1016 2431 1143 2502 videret
1165 2459 1199 2504 se

135 2543 250 2634 patriae
272 2565 340 2630 sure
356 2555 425 2609 tam
443 2539 528 2608 hene
548 2535 689 2606 dicendo
708 2559 807 2630 quam
827 2536 912 2606 bene
932 2537 1083 2608 faciendo
1102 2565 1198 2635 posse

135 2647 309 2741 prodesse,
332 2669 352 2715 a
371 2671 438 2741 quo
455 2646 587 2739 incepto
604 2641 712 2712 studio
731 2640 852 2712 militiae
872 2643 975 2738 gloria
996 2645 1200 2734 detinuerat,

135 2753 254 2824 codem
273 2777 459 2848 regressus,
477 2751 591 2820 statuit
606 2747 698 2818 urhis
718 2749 833 2818 Romae
850 2765 1101 2846 exterarumque
1120 2778 1199 2849 gen·

135 2860 219 2929 tium
238 2857 327 2930 lacta
347 2856 443 2928 simul
460 2881 499 2927 ac
515 2855 603 2925 dicta
625 2869 811 2924 memoratu
830 2853 948 2952 digna,
967 2871 1006 2926 ut
1026 2860 1096 2954 ipse
1114 2857 1199 2928 fate-

136 2979 209 3056 tur,
232 2963 416 3035 litterarum
438 2963 660 3034 monumentis
682 2961 914 3033 commendare
928 2989 936 3031 ε
952 2963 1042 3058 quod
1063 2963 1200 3034 feliciter

137 3085 171 3140 et
185 3069 329 3166 gloriose
344 3085 568 3166 consequutus
580 3083 638 3138 est.
658 3066 784 3138 Floruit
802 3083 913 3138 autern
926 3070 1047 3140 Tiberii
1062 3073 1200 3142 casaris

136 3179 363 3272 temporibus,
381 3193 416 3248 et
432 3177 493 3248 sub
513 3177 583 3270 ejus
601 3175 739 3271 imperio
757 3175 845 3244 hanc
862 3176 993 3272 scripsit
1010 3177 1198 3267 historiam,

136 3283 238 3376 cujus
261 3286 359 3354 etiam
385 3309 509 3354 numen
537 3283 679 3351 invocat.
702 3283 923 3378 Imperatores
944 3285 1031 3353 enim
1051 3287 1199 3370 romani,

136 3413 245 3484 quum
263 3389 383 3459 virtute
393 3416 453 3462 sua
462 3392 550 3486 juste
565 3403 742 3484 sancteque
756 3389 930 3484 gessissent
942 3389 1133 3486 imperium,
1146 3390 1199 3458 di·

137 3496 220 3564 vino
232 3491 482 3566 celebrabantur
497 3497 640 3581 honore,
651 3509 685 3564 et
697 3495 732 3562 in
745 3497 895 3565 Deorum
911 3519 1086 3566 numerum
1100 3509 1199 3566 trans

140 3599 335 3672 serebantur
347 3627 358 3690 3
389 3602 476 3672 unde
504 3604 601 3672 etiam
623 3604 729 3674 Divos
749 3603 963 3696 imperatores
987 3599 1197 3698 appellamus.

140 3709 257 3778 Genus
278 3731 361 3776 vero
382 3732 478 3776 sumn
497 3723 671 3803 paternum
689 3733 708 3776 a
730 3722 827 3804 gente
845 3707 992 3797 Valeria,
1013 3723 1199 3780 maternum

140 3837 160 3880 a
174 3813 276 3882 Fabia
294 3813 424 3885 dimisse
442 3813 565 3884 fertur:
578 3815 665 3884 unde
684 3815 843 3885 Valerius
858 3818 1034 3886 Maximus
1052 3841 1093 3886 ex
1110 3831 1199 3887 utra-

141 3942 205 4012 que
220 3920 342 3992 familia
359 3924 388 3992 ei
408 3946 530 3992 nomen
549 3935 606 3992 est.
628 3923 680 3990 De
701 3921 794 4016 cujus
812 3936 918 3994 morte
937 3926 1018 3994 certi
1036 3922 1117 3996 nihil
1139 3948 1198 4018 po·

143 4038 205 4094 test
224 4027 344 4098 allerri.

558 4247 795 4277 ιιι-Φ..
