3184 5132
419 527 489 598 128
618 525 843 596 vtLultlt
875 525 1084 594 Mtxlntt
1118 527 1214 593 le.
1250 525 1301 593 11.

411 685 547 760 perans,
564 657 766 754 aliquamdiu
779 659 901 728 civium
914 683 1050 728 suorum
1069 655 1184 727 oculos
1197 681 1216 726 a
1228 655 1483 752 contemplanda

415 770 491 838 Asia
509 767 661 852 retraxit,
684 790 725 834 ne
745 764 907 834 illecebris
927 766 996 858 ejus
1025 766 1133 859 capti,
1151 763 1194 832 ad
1214 762 1383 832 delicatius
1407 767 1483 832 vitae

414 897 517 969 genus
533 871 806 966 prolaberentur:
826 870 999 940 audierant
1018 871 1122 957 enim,
1141 868 1316 938 lautitiam¹
1337 869 1432 956 inde,
1450 885 1483 937 et

415 978 608 1048 immodicos
627 991 794 1073 sumptus,
817 991 851 1045 et
870 977 981 1045 omnio
1001 1001 1068 1045 non
1090 977 1281 1044 necessariae
1303 973 1483 1070 voluptatis

417 1109 552 1179 genera,
568 1084 719 1170 fluxisse,
734 1085 923 1178 primosque
937 1080 1058 1152 Ionas²
1079 1083 1253 1176 unguenti,
1273 1106 1483 1150 coronarum·

417 1215 481 1285 que
498 1191 532 1258 in
555 1189 709 1258 oonvivio
730 1189 933 1276 dandarum,
954 1203 988 1257 et
1010 1187 1161 1257 secundae
1178 1212 1299 1256 mensae
1321 1187 1482 1282 ponendae

418 1295 707 1383 consuetudinem,
719 1294 808 1364 haud
821 1319 923 1389 parva
938 1293 1074 1364 luxuriae
1087 1295 1302 1380 irritamenta,
1313 1295 1481 1388 reperisse.

418 1404 467 1473 Ac
483 1405 617 1471 minime
635 1403 755 1470 mirum
778 1415 841 1488 est,
861 1399 950 1494 quod
969 1401 1118 1470 homines
1136 1398 1248 1468 labore
1267 1423 1306 1467 ac
1324 1402 1482 1494 patientia

419 1509 616 1604 gaudentes,
638 1509 862 1576 tenacissimos
881 1507 996 1601 patriae
1013 1531 1148 1590 nervos,
1166 1519 1377 1574 externarum
1397 1505 1482 1574 deli-

419 1617 544 1684 ciarum
559 1613 756 1706 contagione
769 1611 850 1681 solvi
864 1625 897 1680 et
918 1612 1065 1680 hebetari
1085 1611 1278 1698 noluerunt;
1300 1635 1401 1704 quum
1424 1611 1480 1679 ali·

419 1735 543 1814 quanto
564 1717 744 1788 faciliorem
760 1719 892 1787 virtutis
910 1717 951 1786 ad
969 1717 1149 1802 luxuriam,
1167 1741 1266 1812 quam
1286 1716 1423 1786 luxuriae
1441 1718 1480 1784 ad

421 1828 594 1912 virtutem,
620 1827 794 1894 transitum
816 1824 992 1892 viderent:
1015 1823 1104 1917 quod
1126 1849 1182 1893 eos
1208 1847 1274 1892 non
1298 1821 1422 1892 frustra
1444 1826 1481 1891 ti·

421 1933 541 2001 muisse
570 1931 637 2000 dux
662 1932 809 2025 ipsorum
832 1915 1029 1998 Pausanias³
1056 1929 1225 2024 patefecit,
1252 1930 1307 2022 qui
1333 1931 1480 1998 maximis

422 2039 578 2133 operibus
593 2037 702 2125 editis,
716 2051 754 2104 ut
766 2038 908 2130 primum
922 2061 956 2104 se
970 2037 1055 2104 Asiae
1069 2035 1215 2104 moribus
1233 2037 1397 2130 permisit,
1417 2035 1480 2105 sor·

419 2144 593 2212 titudinem
611 2167 702 2211 suam
719 2141 909 2210 effeminato
921 2142 991 2235 ejus
1006 2140 1098 2211 cultu
1116 2139 1244 2210 mollire
1257 2165 1325 2208 non
1340 2141 1479 2209 erubuit.

475 2275 507 2318 2.
523 2248 678 2343 Ejusdem
693 2248 833 2316 civitatis
849 2249 1010 2316 exercitus
1027 2271 1094 2314 non
1110 2261 1186 2314 ante
1199 2245 1241 2314 ad
1258 2245 1479 2315 dimicandum

421 2441 514 2496 stituti.
525 2439 754 2492 TantaLaconum
765 2439 929 2512 continentia
972 2457 1070 2492 nornen
1091 2439 1199 2494 traxisse
1218 2440 1347 2492 feruntur.
1364 2437 1481 2492 Herodo-

423 2519 517 2574 DCCC
537 2519 591 2570 lere
607 2535 690 2570 annos
703 2519 854 2588 permansit.
864 2517 926 2570 Vid.
973 2531 1031 2584 tus,
1046 2519 1091 2572 lib.
1113 2520 1193 2583 1,sb
1215 2519 1420 2572 Atheniensibus
1439 2539 1480 2572 eos

423 2598 547 2668 Xenoph.
555 2595 589 2649 de
602 2597 739 2668 Republio.
748 2595 927 2649 Lacedemon.
972 2599 1030 2652 vult
1043 2611 1123 2651 ortos.
1141 2621 1177 2632 -
1195 2599 1325 2667 Unguenta
1340 2599 1480 2670 Unguento

423 2679 563 2748 Pleraeque
571 2675 677 2748 respub.
689 2675 778 2728 nimie
792 2674 892 2728 divitiae
903 2689 930 2728 et
973 2695 1028 2729 non
1046 2689 1149 2730 tantum
1170 2677 1289 2730 linebant
1315 2689 1413 2748 caput,
1436 2677 1478 2730 sed

424 2757 517 2810 eximia
545 2757 667 2818 fortuna,
689 2755 801 2807 luxuriae
827 2767 929 2820 mater,
973 2754 1053 2827 pedes
1064 2756 1159 2822 etiam,
1173 2757 1255 2808 immo
1271 2757 1480 2829 unicuiquelere

424 2855 528 2910 pessum
541 2833 647 2888 dedere.
666 2833 733 2887 Inde
754 2846 856 2888 cunctae
876 2835 930 2888 fere
975 2836 1093 2907 corporis
1111 2835 1180 2908 parti
1196 2833 1290 2888 idonea
1308 2837 1480 2890 attribuerent

424 2917 551 2972 scelerum
561 2934 644 2970 causae
651 2955 659 2984 ,
667 2913 729 2968 inde
740 2913 863 2966 mollities
874 2915 929 2966 ani·
974 2927 1116 2986 unguente.
1125 2915 1251 2980 Coronis,
1260 2915 1360 2968 erariis
1371 2913 1479 2968 tloeibn

424 3017 498 3050 mum
517 2995 651 3048 enervavit
668 2993 819 3067 :precipiti
840 2993 883 3046 via
902 2993 930 3045 in
973 2995 1124 3060 consertis,
1147 3007 1335 3066 unguentoque
1358 2993 1479 3048 delibuti.-

424 3075 932 3146 singulaterevitiatranscursum,ever·
974 3075 1014 3126 usi
1031 3087 1091 3126 sunt
1107 3072 1139 3126 sd
1154 3073 1347 3145 prohibendam
1369 3075 1479 3127 ebrieta-

426 3176 451 3208 sa
473 3155 593 3206 militaris
616 3152 772 3224 disciplina,
794 3153 862 3222 leges
877 3150 931 3204 dis-
974 3166 1036 3204 tem.
1059 3153 1139 3205 Sertis
1160 3167 1247 3206 autem
1269 3167 1348 3224 caput
1367 3167 1395 3207 et
1413 3155 1477 3206 colla

425 3234 524 3288 solutae.
542 3265 582 3276 -
598 3233 761 3302 Aliquamdiu.
778 3231 829 3282 Per
847 3233 871 3282 D
887 3249 931 3284 an·
974 3231 1002 3283 in
1016 3232 1143 3283 conviviis
1154 3233 1480 3305 amplectebantur,pocu-

426 3333 474 3367 nos
492 3325 519 3365 et
532 3311 605 3382 qood
625 3313 757 3374 excurrit,
773 3329 800 3362 se
818 3311 850 3362 ab
871 3311 931 3363 Asia
973 3311 998 3362 ls
1012 3311 1166 3381 cingebant,
1178 3331 1290 3364 necnon
1301 3313 1358 3384 ipsa
1368 3313 1479 3365 triclinia

427 3393 615 3448 abstinuerunt.
625 3390 681 3444 Cic.
691 3389 719 3441 in
729 3407 768 3441 or.
778 3407 828 3460 pro
838 3389 930 3441 Flacco
974 3391 1111 3443 ornabant.
1119 3423 1158 3432 -
1165 3391 1280 3443 Secunda
1289 3411 1382 3444 measa.
1391 3393 1479 3444 Mensa

426 3473 496 3526 DCC
508 3485 535 3524 et
546 3469 657 3542 amplius
668 3485 750 3521 annos
761 3480 890 3520 numerat.
973 3468 1087 3522 secunda
1103 3468 1216 3532 dicitur,
1234 3469 1365 3542 quidquid
1382 3491 1413 3523 ex
1425 3473 1479 3524 fru-

470 3571 494 3604 r.
510 3551 648 3602 Lautitiam.
664 3546 739 3599 Idem
755 3545 827 3618 quod
842 3548 931 3618 splen·
973 3549 1059 3601 atibus
1074 3549 1164 3602 aliisve
1179 3551 1258 3602 rebus
1272 3561 1407 3621 postremo
1422 3551 1480 3604 loco

427 3629 477 3682 dor
501 3642 527 3681 et
549 3625 761 3700 magnificentia,
784 3637 814 3678 ut
833 3645 930 3697 supra,
974 3629 1123 3699 apponitur.

427 3709 473 3772 11,
492 3714 530 3769 4,
551 3711 577 3760 6.
594 3709 694 3760 Mirum
710 3718 797 3759 autem
812 3704 884 3776 quod
900 3718 931 3758 ut
1015 3707 1042 3761 3.
1063 3709 1206 3761 Pausanias.
1226 3709 1266 3760 De
1282 3725 1336 3780 quo
1352 3705 1414 3760 ride
1428 3709 1480 3761 Ne·

427 3787 562 3856 superiore
576 3787 638 3850 illo,
651 3787 686 3839 ita
702 3799 727 3838 et
742 3785 794 3838 hoc
809 3786 867 3838 loco
880 3803 930 3857 pro
974 3799 1062 3858 potem
1081 3799 1216 3852 nostrum,
1228 3805 1286 3858 pag.
1306 3789 1358 3851 48,
1373 3799 1428 3840 not.
1450 3788 1480 3846 3:

428 3869 521 3916 lautitia
535 3864 561 3916 in
573 3865 730 3935 quibusdam
740 3863 818 3917 codd.
829 3865 931 3918 sirtaee'-
974 3877 1000 3918 et
1015 3865 1137 3937 Thucyd.
1160 3867 1206 3920 lib.
1226 3867 1253 3931 I,
1273 3884 1331 3938 esp.
1352 3868 1422 3931 1303
1442 3900 1481 3910 -

430 3950 463 3996 tiu
470 3963 480 4004 ,·
493 3943 570 3994 lectio
579 3957 617 3996 est
630 3946 765 3999 manifeste
781 3945 857 4009 falsa,
871 3962 930 4015 quse
975 3945 1089 3997 Maximis
1100 3947 1208 4015 operibus
1220 3945 1297 3998 editis.
1310 3945 1481 3998 Mardonium

428 4023 481 4076 tillo
496 4019 576 4072 modo
589 4022 694 4076 delendi
707 4025 807 4095 nequit.
974 4028 1123 4096 precipue,
1141 4025 1290 4077 relictarum
1304 4043 1319 4076 a
1332 4027 1422 4079 Xerxe
1437 4043 1481 4078 eo·

467 4122 493 4155 a.
514 4101 593 4152 Ionas.
610 4105 661 4156 Aut
681 4105 713 4155 ab
732 4105 844 4166 Jarane,
858 4103 929 4154 Noa·
973 4105 1076 4174 piarum
1092 4103 1201 4170 ducem,
1220 4123 1290 4156 anno
1305 4105 1482 4172 urbinates,

424 4183 467 4234 rbi
481 4192 576 4252 nepote
587 4219 593 4244 ,
605 4199 650 4232 seu
663 4184 743 4244 Ione,
760 4183 844 4234 Xuthi
856 4181 928 4246 fitia,
974 4181 1043 4250 apud
1058 4183 1178 4238 Plateam
1191 4181 1295 4240 devicit.
