3168 5124
304 537 409 605 car.
434 537 513 624 ιιι,
539 537 607 606 ou
635 537 971 607 ssvnmrlru.
1102 541 1179 638 439

106 682 142 734 te
158 669 290 738 certiori
305 669 404 738 crede
419 671 565 759 notitiam
583 668 722 740 ulterior
738 672 788 740 tui
807 687 1005 768 conspectus
1022 697 1180 770 superva-

106 799 174 843 cua
190 776 373 846 irritatione
389 777 581 867 arcessitus,
596 777 631 846 in
649 778 835 874 suspicione
850 793 884 849 et
901 779 1039 850 crimine
1055 782 1181 852 haereat

107 906 244 953 necesse
262 899 321 954 est.
341 915 360 952 o

169 995 224 1058 ιι.
255 993 327 1064 Nec
350 990 445 1062 aliter
467 992 569 1064 sensit
590 991 634 1080 Q.
659 992 820 1067 Antistius
840 994 948 1067 Vetus
974 995 1180 1090 repudiando

105 1119 270 1186 uxorem,¹
280 1099 369 1194 quod
382 1097 473 1175 illam
489 1101 524 1168 iu
538 1097 673 1194 publico
692 1124 769 1170 cum
788 1097 933 1194 quodam
946 1099 1100 1174 libertina
1112 1102 1182 1174 vul·

106 1204 183 1296 gari
200 1220 327 1276 secreto
343 1205 532 1302 loquentem
547 1207 677 1278 viderat
692 1231 700 1276 :
716 1231 813 1294 nam,
830 1221 867 1276 ut
880 1209 927 1279 ita
941 1207 1067 1296 dicam,
1083 1212 1181 1282 incu-

106 1308 257 1381 nabulis¹
268 1326 302 1381 et
319 1315 530 1382 nutrimentis
546 1311 669 1407 culpe,
684 1338 753 1382 non
771 1315 843 1408 ipsa
861 1329 1050 1386 commotus
1067 1316 1182 1412 culpa,

107 1417 298 1488 citeriorem
326 1418 447 1490 delicto
474 1419 617 1514 praebuit
644 1418 826 1510 ultionem,
847 1434 885 1490 ut
912 1423 1023 1516 potius
1048 1439 1184 1495 caveret

106 1523 283 1618 injuriam,
302 1551 403 1620 quarn
424 1525 619 1596 vindicaret.

170 1654 225 1699 ια.
244 1633 440 1726 lungendus
453 1647 503 1704 est
517 1633 569 1704 his
583 1635 619 1703 P.
633 1634 848 1730 Sempronius
865 1635 998 1732 Sophus
1005 1691 1017 1726 ,
1037 1637 1095 1734 qui
1108 1661 1185 1707 con·

102 1735 223 1830 jugem
242 1739 372 1832 repudii
389 1754 470 1809 nota
487 1740 620 1830 affecit,
634 1739 716 1810 nihil
733 1741 823 1812 aliud
839 1767 940 1838 qnam
954 1768 989 1817 se
1009 1745 1184 1839 ignorante

106 1841 208 1911 ludos
223 1867 338 1915 ausam
352 1861 503 1942 spectare
515 1845 536 1916 ².
553 1851 644 1943 Ergo
660 1848 741 1918 dum
759 1849 806 1920 sic
824 1847 903 1920 olim
922 1848 1053 1922 feminis
1071 1875 1185 1920 occur·

106 1949 214 2037 ritur,
235 1975 330 2021 mens
345 1977 461 2023 earum
480 1979 501 2022 a
517 1953 644 2025 delictis
662 1955 787 2025 aberat.

291 2161 347 2216 DE
371 2162 649 2221 SEVERITATE
673 2163 996 2220 EXTERNORUM.

171 2345 200 2390 1.
216 2321 399 2413 Caeterum,
413 2325 475 2394 etsi
489 2349 636 2396 romanor
651 2325 833 2394 severitatis
847 2324 1005 2421 exemplis
1020 2340 1110 2396 totus
1124 2343 1185 2398 ter-

107 2451 226 2496 rarum
246 2429 336 2500 orbis
353 2431 472 2500 instrui
493 2445 620 2527 potest,
638 2446 750 2502 tamen
768 2447 904 2501 externa
922 2435 1113 2504 summatim
1127 2459 1182 2504 co-

108 2560 273 2630 gnoscere
286 2535 418 2608 fastidio
429 2564 498 2608 non
510 2539 553 2608 sit
559 2523 582 2610 ³.
597 2538 841 2608 Lacedaemonii
852 2539 957 2609 libros
968 2529 1183 2611 Arckz'loclu'l

108 2668 133 2710 e
152 2647 289 2712 circlate
312 2667 378 2714 sua
400 2651 583 2740 exportari
597 2646 790 2740 jusserunt,
814 2645 905 2740 quod
925 2671 1041 2716 eorum
1063 2671 1183 2743 parum

108 2750 336 2820 verecundam
362 2775 401 2820 ac
419 2752 575 2847 pudicam
591 2751 767 2822 lectionem
785 2752 1032 2822 arbitrabantur
1044 2780 1054 2842 3
1068 2752 1183 2824 nolue-

109 2870 193 2926 runt
216 2859 305 2926 enim
326 2882 367 2928 ea
383 2857 565 2930 liberorum
586 2885 724 2929 suorum
745 2859 872 2928 animos
895 2859 1023 2948 imbui,
1046 2885 1089 2930 ne
1108 2857 1184 2955 plus

109 2964 264 3033 moribus
284 2979 434 3054 noceret,
456 2991 555 3061 quum
577 2965 715 3060 ingeniis
737 2964 931 3061 prodesset:
949 2967 1060 3061 itaque
1080 2969 1183 3036 maxi-

111 3093 206 3138 mum
221 3085 372 3166 poetam,
385 3087 444 3141 ant
458 3087 548 3142 certe
563 3057 716 3143 summo⁵
731 3073 940 3167 proximum,
955 3073 1033 3167 quia
1046 3073 1183 3143 domum

157 3280 183 3315 1.
200 3263 365 3318 Incunabulr's.
376 3263 473 3317 Primis
481 3263 628 3336 originibus
670 3264 741 3317 tibus
751 3264 874 3318 omuibus
885 3263 961 3319 MSS.
979 3283 1062 3337 quum
1074 3265 1184 3337 Pighius

112 3354 144 3395 et
150 3342 330 3398 nutrimentis.
340 3375 380 3387 —
392 3344 627 3398 Citeriorem.Ultus
671 3343 797 3398 edidisset
812 3347 866 3398 erit.

113 3435 154 3475 est
169 3421 312 3488 delictum,
324 3436 465 3496 antequam
478 3423 627 3478 committe·
711 3422 1183 3498 4.Arclrr'loclri.Vid.Plut.apophth„

113 3514 198 3556 retur.
210 3502 287 3574 Pigh.
296 3504 399 3558 notarit
410 3502 539 3576 quosdam
549 3503 625 3557 MSS.
670 3504 719 3581 qui
729 3505 811 3576 refert
823 3523 886 3557 eum
901 3522 963 3558 cum
977 3504 1054 3558 libris
1069 3507 1183 3577 ejectum

113 3582 212 3635 hahere
227 3586 348 3648 citiorem
367 3582 414 3637 sed
433 3582 488 3638 rid.
510 3585 566 3651 111,
589 3586 629 3650 8,
669 3581 866 3655 republ.,quod
875 3584 1183 3656 scripsissenmelr'nresse

113 3674 169 3715 ext.
180 3663 303 3729 1,V111,
314 3664 400 3730 15,1.
411 3664 566 3718 Perizonius
575 3683 625 3736 pro
669 3683 738 3716 arma
749 3665 862 3736 abjicere,
876 3681 946 3737 quam
961 3669 1029 3717 mori.
1042 3667 1083 3718 De
1091 3666 1185 3718 Archi-

110 3743 218 3812 praebuit
228 3743 302 3794 malit
311 3743 524 3814 pmtuliteodem
538 3763 624 3798 sensu
668 3743 747 3796 locho
760 3743 928 3798 contvellei.
939 3745 969 3810 1,
985 3745 1018 3810 5,
1034 3763 1060 3798 2.
1076 3746 1184 3810 Cicero,

113 3821 157 3874 Sic
168 3823 281 3894 pretulit
293 3823 369 3890 diem,
379 3823 439 3876 Liv.
451 3825 585 3891 XXXIX,
598 3823 625 3877 5.
668 3825 711 3888 ΙΙ,
721 3822 755 3877 de
770 3824 830 3876 Fin.
847 3841 907 3877 eum
921 3824 949 3876 in
961 3825 1184 3896 praestantissimis

156 3921 181 3956 a.
203 3901 325 3972 Spectata.
349 3901 440 3956 Ludos
461 3905 577 3956 scenicos
599 3915 627 3956 et
668 3904 755 3975 poetis
767 3913 898 3958 numeret.

113 3981 272 4052 gladiatores
296 3982 363 4036 olim
379 3983 485 4036 leminis
507 3995 626 4055 spectare
711 3982 738 4036 5.
752 3983 858 4036 Summo.
876 3981 1001 4037 Homero.
1019 3986 1184 4040 -Domnm

113 4075 170 4116 erat
179 4063 291 4116 licitum.
300 4065 336 4116 At
347 4061 420 4135 quod
429 4081 478 4134 per
493 4063 627 4135 magistru-
669 4062 925 4136 Scil.Lyccmboe‚qui
930 4063 1093 4118 Archilocho
1103 4065 1185 4120 filiam

114 4155 185 4210 tum,
200 4161 255 4196 non
269 4163 319 4215 per
331 4143 459 4197 maritum
470 4143 554 4197 licuit.
670 4141 864 4215 desponderet,
874 4155 965 4216 postea
974 4155 1062 4198 autem
1074 4146 1119 4199 alii
1128 4147 1184 4200 col·

155 4222 183 4276 3.
203 4223 251 4278 Se.
263 4224 389 4278 Restituit
402 4224 516 4279 Torren.
528 4225 626 4296 jubeo·
669 4223 778 4277 locarat.
794 4223 853 4291 Quo
869 4223 967 4295 injuria
985 4223 1119 4281 lacessitus
1133 4229 1184 4280 Ar·

922 4321 994 4404 28⁴
