3196 5122
407 513 482 588 250
596 515 822 584 vetulam
851 514 1058 584 MAXIMI
1090 515 1184 582 LIB.
1218 516 1294 584 III.

404 646 566 718 voluntati
581 643 678 714 nullo
697 645 828 714 obviam
847 646 893 714 ire
917 645 1076 732 audente,
1097 643 1185 716 solus
1203 644 1350 717 Scaevola
1367 649 1463 722 inter·

403 767 540 848 rogatus
559 751 600 820 de
622 751 685 822 bac
705 777 758 838 re,
780 753 974 822 sententiam
988 751 1096 822 dicere
1117 749 1233 820 noluit.
1253 754 1345 842 Quin
1365 758 1462 826 etiam

332 905 336 916 «
405 857 623 930 truculentius
649 858 710 928 sibi
732 859 894 928 minitanti
923 856 1037 947 Sullae,
1068 887 1085 922 a
1099 859 1209 944 Licet,
1236 860 1357 953 inquit,
1384 862 1462 932 mihi

403 965 537 1062 agmina
555 963 714 1050 militum,
737 965 856 1058 quibus
876 966 1012 1035 Curiam
1029 962 1278 1052 circumsedisti,
1303 980 1461 1056 ostentes;

405 1071 482 1142 licet
503 1084 643 1140 mortem
665 1069 843 1140 identidem
862 1071 1045 1140 miniteris:
1068 1093 1237 1164 nunquam
1259 1085 1369 1144 tamen
1387 1072 1461 1143 effi·

404 1181 485 1263 cies,
509 1191 547 1246 ut
567 1191 703 1272 propter
729 1177 883 1270 exiguum
906 1175 1105 1269 senilemque
1127 1178 1317 1270 sanguinem
1337 1203 1461 1268 meum,

404 1286 565 1370 Marium,
592 1308 612 1352 a
637 1307 703 1378 quo
723 1283 813 1352 Urbs
836 1297 870 1352 et
892 1281 986 1352 Italia
1013 1297 1207 1351 conservata
1234 1282 1311 1370 est¹,
1333 1284 1460 1355 hostem

401 1391 556 1484 judicem.
568 1417 586 1454 s

457 1494 492 1566 6.
511 1495 601 1582 Quid
615 1494 745 1563 feminae
759 1518 834 1564 cum
857 1491 1054 1564 concione²l
1071 1493 1097 1562 si
1115 1494 1239 1587 patrius
1261 1519 1331 1563 mos
1353 1519 1459 1565 serve·

404 1615 475 1689 tur,
502 1598 598 1686 nihil;
622 1598 679 1668 sed
706 1599 763 1668 ubi
792 1599 971 1668 domestica
999 1599 1091 1693 quies
1115 1599 1311 1668 seditionum
1339 1604 1461 1697 agitata

405 1707 559 1776 fluctibus
572 1720 638 1791 est,
652 1706 768 1800 priscae
782 1703 1025 1773 consuetudinis
1041 1690 1235 1774 auctoritas³
1248 1706 1457 1776 convellitur:

404 1813 543 1908 plusque
564 1810 652 1880 valet
672 1810 759 1905 quod
778 1809 935 1880 violentia
957 1811 1059 1906 cogit,
1080 1835 1177 1904 quam
1194 1811 1283 1904 quod
1300 1813 1414 1883 suadet
1426 1827 1460 1882 et

404 1920 552 2014 praecipit
578 1916 785 1988 verecundia.
807 1919 923 2010 Itaque
948 1931 998 2002 te,
1022 1919 1214 2011 Sempronia
1222 1903 1246 2004 l,
1268 1920 1340 1988 Tib.
1366 1935 1400 1988 et
1420 1922 1457 1989 C.

406 2025 635 2095 Gracchorum
655 2048 766 2110 soror,
790 2047 874 2092 uxor
892 2024 1051 2118 Scipionis
1069 2022 1249 2111 AEmiliani,
1267 2049 1335 2094 non
1354 2039 1393 2093 ut
1409 2025 1459 2094 ab

405 2131 503 2200 surde
521 2131 719 2227 gravissimis
737 2131 885 2199 virorum
904 2129 1057 2224 operibus
1075 2130 1236 2216 inserens,
1257 2131 1459 2226 malignare

404 2235 525 2306 latione
552 2235 850 2329 comprehendam;
878 2235 935 2304 sed
958 2235 1035 2330 quia
1055 2261 1074 2304 a
1093 2235 1226 2304 tribuno
1251 2233 1358 2329 plebis
1384 2262 1457 2331 pro·

405 2341 505 2410 ducta
523 2340 565 2410 ad
580 2339 755 2435 populum,
776 2343 810 2408 in
824 2342 965 2410 maxima
982 2340 1173 2410 confirsione
1189 2340 1269 2410 nihil
1289 2369 1308 2412 a
1327 2358 1457 2414 tuorum

405 2445 620 2540 amplitudine
646 2445 867 2540 degenerasti,
894 2447 1055 2516 honorata
1082 2449 1241 2516 memoria
1268 2473 1455 2544 prosequar.
1576 2475 1577 2482 ³

405 2552 529 2621 Coacta
547 2577 582 2621 es
601 2576 641 2621 eo
659 2550 722 2620 loci
740 2553 934 2640 consistere,
955 2553 1011 2622 ubi
1026 2553 1211 2649 principum
1227 2555 1368 2624 civitatis
1385 2579 1456 2650 per·

405 2657 530 2727 turbari
559 2656 651 2728 lrons
680 2656 814 2728 solebat.
841 2659 991 2728 Instabat
1023 2660 1083 2730 tibi
1109 2673 1204 2729 torvo
1235 2660 1330 2731 vultu
1355 2663 1456 2730 minas
1576 2755 1577 2770 ,

404 2763 607 2858 profundens
621 2764 820 2860 amplissima
839 2751 1019 2861 potestas⁵z
1036 2765 1162 2836 clamor
1175 2769 1334 2862 imperitae
1350 2766 1456 2836 multi·

405 2869 527 2941 tudinis
548 2871 785 2966 obstrepebat:
809 2886 915 2941 totum
935 2871 1041 2941 forum
1060 2874 1220 2943 acerrimo
1240 2873 1350 2942 studio
1372 2875 1456 2941 nite·

402 2975 516 3059 batur,
546 2991 585 3046 ut
614 2963 790 3072 Equitio⁶,
822 2980 875 3047 cui
903 2979 1103 3072 Semproniae
1130 2980 1234 3074 gentis
1265 2977 1383 3048 falsum
1404 2979 1455 3072 jus

402 3083 631 3174 quaerebatur,
656 3098 823 3178 tamquam
849 3081 917 3152 filio
939 3084 1061 3153 Tiberii
1086 3082 1195 3153 fratris
1219 3085 1289 3172 tui,
1308 3083 1455 3154 osculum

446 3311 471 3346 t.
485 3293 513 3348 A
524 3303 669 3364 qm.....est.
680 3292 750 3358 Quia
757 3291 907 3359 Teutones,
949 3293 1049 3356 bilem,
1063 3306 1155 3365 utpote
1167 3294 1298 3348 libertino
1312 3295 1391 3348 sortis
1409 3293 1456 3347 bo·

404 3371 525 3426 Cimbros
538 3384 564 3426 et
579 3370 669 3424 Gallos
684 3369 822 3424 devicerat.
949 3372 1063 3439 minem,
1077 3386 1106 3426 ut
1123 3392 1150 3426 ee
1165 3373 1250 3427 lilium
1263 3373 1324 3427 Tib.
1342 3373 1454 3427 Greocbi

445 3471 471 3504 a.
489 3451 620 3521 (Μαίη...
642 3453 760 3502 concione·
782 3449 907 3504 Mulieres
949 3449 1055 3504 dieeret.
1075 3451 1213 3523 Sempronia
1233 3465 1339 3506 utrem
1358 3453 1454 3506 baneee

403 3531 515 3582 comitiis
531 3531 642 3602 foroque
655 3529 781 3594 caruisse,
795 3531 855 3584 setis
868 3542 908 3583 est
949 3531 1039 3585 falsam
1059 3542 1209 3596 testaretur,
1222 3533 1249 3586 in
1265 3531 1354 3586 lorum
1372 3530 1453 3584 addu-

403 3619 515 3668 notmn..
530 3609 585 3662 Nee
609 3607 675 3662 adeo
700 3627 820 3680 arrogare
838 3609 907 3662 filios
950 3623 991 3664 cta
1009 3611 1081 3664 nulla
1098 3611 1124 3663 vi
1145 3611 1243 3684 impelli
1256 3613 1357 3683 potuit,
1371 3623 1399 3664 ut
1411 3609 1453 3662 de·

403 3699 535 3758 poteraut.
547 3687 611 3742 vid.
623 3688 787 3757 Gell.V,19.
949 3687 1029 3741 decus
1048 3689 1152 3743 familia
1171 3709 1224 3744 sure
1240 3705 1399 3761 agnosceret.
1414 3719 1451 3732 -

444 3765 471 3819 3.
486 3766 577 3820 Prisca
585 3767 758 3822 comuetudinis
768 3770 906 3822 auctoritas.
949 3766 1073 3838 Maligna.
1085 3771 1256 3823 Detreotorie.

286 3903 290 3911 ³
403 3845 489 3898 Immo
511 3848 650 3901 auctoritas
672 3849 786 3920 ipsarum
806 3847 906 3918 legum,
992 3847 1017 3902 ⁵.
1042 3849 1197 3918 Amplissimos
1212 3859 1326 3921 potestas.
1342 3849 1449 3900 Tribuu.

402 3943 460 3995 qun
475 3927 503 3980 in
519 3924 692 3982 seditionibus
705 3929 806 3982 violatu
821 3925 890 3980 aurit.
990 3931 1016 3982 6.
1031 3929 1139 3999 Equitio.
1147 3927 1210 3982 Vid.
1226 3948 1283 4002 sup.
1294 3929 1352 3993 111,
1364 3947 1392 3992 r,
1404 3928 1451 3990 ιθ,

442 4011 468 4066 t.
488 4005 635 4076 Sempronia.
658 4009 709 4060 An.
730 4008 763 4060 U.
787 4005 853 4060 652.
874 4007 905 4060 L.
949 4019 975 4060 et
988 4005 1072 4073 inira,
1087 4009 1144 4074 lx,
1164 4009 1214 4070 15,
1233 4028 1259 4062 ι.
1275 4039 1314 4054 -
1330 4007 1449 4061 Osculana.

402 4083 543 4152 Apuleius,
562 4087 684 4140 tribunus
698 4085 797 4156 plebis,
813 4087 906 4139 eubor-
948 4087 1009 4152 Quo
1019 4085 1249 4144 datoeuml'ratris
1256 4087 1358 4144 Tiberii
1367 4087 1448 4140 lilium

401 4173 509 4216 navarat
523 4163 660 4233 Equidem
673 4162 813 4236 mecedem
830 4164 906 4235 igno·
949 4179 1107 4236 agnosceret.
