3168 5124
260 505 370 574 CAP.
393 501 469 586 Vl,
495 500 565 568 DE
592 499 722 570 ΡΙΕῬ.
746 500 890 570 ERGA
917 441 1070 568 Para..
1129 499 1198 598 391

134 638 170 706 in
197 651 377 732 conspectu
412 648 544 704 senatus
572 634 710 703 necavit.
732 636 858 704 Decem
882 647 915 702 et
937 647 1062 728 septem
1085 631 1203 704 milites

135 769 202 814 sure
226 740 387 831 familire'‚
414 742 540 811 eximiae
562 739 762 809 fortitudinis
785 741 893 826 viros,
914 742 1072 818 cannensi
1090 740 1203 836 praelio

132 852 257 919 amisit:
268 846 452 944 respublica
461 847 662 942 procedente
673 862 824 942 tempore
837 846 879 916 ad
892 873 1059 917 summum
1073 850 1204 943 imperii

132 954 299 1052 fastigium
321 957 467 1028 excessit
492 957 572 1024 Haec
592 954 748 1022 nimirum
760 952 929 1048 exempla,
951 953 1056 1043 Sulla,
1078 969 1112 1024 et
1129 957 1203 1024 Ma-

132 1064 217 1148 rius,
238 1078 272 1132 et
290 1064 398 1133 Cinna
419 1077 589 1156 tamquam
607 1059 707 1130 stulta
727 1058 896 1131 riserunt².

189 1166 220 1239 5.
238 1172 274 1238 P.
290 1153 442 1256 Decius³,
456 1169 513 1263 qui
524 1166 732 1238 consulatum
747 1169 782 1236 in
797 1166 954 1236 familiam
966 1189 1061 1236 suem
1075 1168 1203 1262 primus

131 1268 386 1370 intulit,'quum
409 1275 510 1344 latino
533 1274 620 1344 bello
639 1297 812 1344 romanam
835 1275 939 1342 aciem
956 1271 1146 1342 inclinatam
1169 1289 1202 1344 et

130 1405 226 1475 paene
243 1383 312 1476 jam
323 1397 523 1478 prostratam
539 1380 683 1466 videret,
703 1395 805 1472 caput
819 1403 920 1446 suum
936 1401 999 1472 pro
1014 1377 1122 1477 salute
1135 1382 1202 1448 rei-

130 1487 272 1581 publicai
287 1489 448 1571 devovit,
468 1510 507 1554 ac
523 1486 677 1580 protinus
691 1485 858 1553 concitato
876 1508 978 1578 equo,
1000 1485 1035 1552 in
1055 1485 1201 1554 medium

130 1593 278 1666 hostium
292 1619 428 1690 agmen,
442 1593 556 1687 patriae
570 1589 726 1679 salutem,
742 1591 803 1660 sibi
819 1605 960 1660 mortem
975 1605 1107 1685 petens,
1122 1594 1201 1660 irru-

129 1700 200 1793 pit,
217 1701 367 1794 factaque
384 1699 509 1794 ingenti
528 1711 653 1799 strage,
668 1697 817 1793 plurimis
836 1696 909 1767 telis
928 1697 1083 1784 obrutus,
1102 1721 1201 1792 super

130 1808 258 1874 corruit
273 1831 280 1873 :
297 1829 338 1874 ex
350 1805 444 1898 cujus
458 1803 650 1874 vulneribus
665 1819 699 1873 et
712 1806 871 1899 sanguine
884 1806 1051 1898 insperata
1063 1805 1200 1874 victoria

130 1925 273 1979 emersit.

186 2015 220 2085 6.
237 2019 381 2084 Unicum
398 2015 470 2086 talis
485 2017 693 2110 imperatoris
708 2016 874 2110 specimen
888 2029 990 2103 esset,
1008 2016 1070 2086 nisi
1087 2017 1198 2087 animo

130 2146 192 2191 suo
210 2122 466 2217 respondentem
484 2121 588 2191 filium
605 2123 788 2216 genuisset:
805 2123 832 2190 is
847 2108 1006 2216 nemque⁴
1025 2123 1060 2190 in
1076 2138 1198 2217 quarto

129 2227 305 2298 consulatu
331 2231 434 2324 patris
458 2228 646 2323 exemplum
672 2242 851 2323 sequutus,
871 2228 1048 2297 devotione
1078 2228 1196 2318 simili,

129 2360 222 2429 aeque
244 2351 379 2406 strenua
400 2361 531 2432 pugna,
562 2349 784 2405 consentaneo
805 2336 894 2404 exitu
920 2334 1067 2404 labantes
1087 2336 1196 2430 perdi-

129 2457 246 2536 tasque
258 2444 343 2512 vires
356 2443 449 2512 urbis
464 2457 584 2512 nostre
598 2443 758 2531 correrit;
770 2443 878 2536 itaque
892 2441 1039 2536 dignosci
1053 2442 1194 2514 arduum

129 2657 190 2710 tur,
205 2645 321 2715 pretori.
340 2645 389 2698 Ille
409 2657 497 2698 autern
513 2644 637 2716 protinus
723 2644 749 2697 3.
770 2644 803 2698 Ρ.
816 2645 914 2698 Decius.
930 2645 981 2698 An.
999 2645 1035 2698 U.
1050 2646 1115 2710 613.
1133 2644 1192 2698 Liv.

127 2724 287 2795 concerpsit.
311 2750 322 2772 ι
347 2725 448 2780 Forsan
475 2725 637 2797 exploraturi
680 2724 764 2790 VIII,
789 2742 824 2792 9;
841 2724 931 2777 Senec.
950 2742 992 2796 ep.
1014 2725 1070 2790 IX,
1094 2730 1120 2788 4.
1136 2727 1193 2777 Au·

126 2813 203 2856 erant
216 2819 341 2876 augures,
355 2823 420 2858 unm
442 2821 516 2859 sunm
533 2804 636 2858 incolu·
679 2815 746 2874 gust.
764 2802 798 2857 de
817 2803 848 2858 C.
862 2805 895 2858 D.
911 2803 947 2869 V,
966 2805 1012 2858 28.
1031 2804 1096 2858 Tres
1117 2805 1191 2857 suere

126 2884 247 2937 mitatem
257 2885 348 2956 petr-ias
358 2885 553 2958 postpositurus
561 2896 635 2938 esset.
680 2883 773 2950 Decii,
790 2884 839 2955 qui
851 2901 902 2956 pro
915 2883 1053 2956 republica
1065 2903 1095 2937 se
1114 2882 1193 2936 dero·

171 2983 197 3016 r.
212 2963 389 3032 Suoesamils'oe.
400 2965 504 3020 Mavult
512 2965 637 3018 Vorstius
679 2981 741 3018 vere
751 2983 758 3017 ε
768 2975 844 3035 pater
856 2964 927 3017 bello
943 2964 1027 3018 latino
1043 2975 1070 3015 et
1084 2963 1191 3034 gallico,

120 3043 233 3109 familia:
247 3069 257 3089 ι
267 3042 376 3114 quidisi
382 3047 493 3116 legatur,
501 3045 635 3116 inquiens,
679 3041 750 3096 lilius
764 3055 887 3110 etrusco,
906 3063 990 3114 nepos
1003 3041 1074 3096 bello
1092 3042 1191 3114 Pyrrhi

126 3120 215 3174 XVII
236 3123 319 3173 milites
344 3125 393 3193 ejas
407 3124 507 3190 familia
530 3129 638 3178 ambit?
679 3139 728 3195 per
748 3123 914 3176 Tarentinos.
932 3121 984 3176 Sed
999 3123 1082 3194 patris
1101 3135 1128 3175 et
1141 3119 1191 3174 filii

125 3202 207 3254 Certe
226 3199 260 3252 de
281 3199 377 3254 domus
399 3215 425 3254 et
448 3203 554 3256 familie
573 3205 636 3256 AElii
679 3215 783 3256 uatum
798 3204 920 3258 Valerius
939 3203 1102 3256 mentionem
1118 3202 1189 3254 fecit.

125 3281 219 3333 futuro
230 3293 300 3334 statu
318 3281 466 3334 miserrimo
479 3281 636 3352 predictum
678 3283 737 3335 Hoc
751 3285 824 3354 quusi
846 3283 974 3336 familiare
988 3283 1133 3335 Deciorum
1150 3281 1190 3333 ia·

125 3361 222 3414 fuerat.
243 3361 323 3416 Recte
338 3378 402 3433 ergo
422 3373 565 3432 sequetur,
580 3381 636 3416 non
680 3363 815 3428 tensuit,
825 3361 899 3435 quod
910 3364 979 3434 legas
989 3359 1062 3434 apud
1072 3363 1188 3414 Livium.

126 3439 244 3506 AElium,
264 3439 309 3494 sed
325 3443 381 3512 ejus
392 3439 503 3494 domum
518 3453 544 3494 et
560 3441 636 3494 iami-
679 3443 872 3496 —Iaelirsatam
880 3455 913 3496 et.
926 3443 1032 3514 Septem
1044 3441 1118 3494 MSS.
1127 3459 1190 3494 cusu

124 3519 190 3572 liam
215 3531 254 3571 tot
281 3520 377 3574 milites
397 3522 522 3576 cannensi
543 3522 636 3592 praelio
679 3520 723 3576 ed.
736 3523 809 3593 Meg.
822 3523 1033 3594 indisciplinatam.
1049 3521 1129 3574 Male.

125 3597 260 3652 amisisse:
274 3611 300 3654 et
313 3615 387 3656 casus
399 3601 466 3654 recti
479 3603 636 3668 voxsarrsils'a
720 3608 748 3664 4.
768 3603 794 3654 1s
805 3621 905 3675 natuque
913 3639 920 3664 ‚
935 3613 986 3657 etc.
1001 3603 1053 3654 Au.
1070 3602 1106 3655 U.
1120 3599 1187 3663 ast.

125 3678 154 3730 in
171 3677 330 3748 quibusdem
346 3681 422 3734 libris
442 3681 578 3735 manifeste
591 3701 638 3754 sp-
679 3681 738 3734 Liv.
754 3683 797 3748 X,
814 3685 867 3748 ²83
884 3681 940 3734 Cic.
956 3682 984 3734 in
998 3681 1056 3736 Cat.
1070 3681 1133 3734 XX.
1147 3712 1188 3722 -

124 3770 210 3828 paret.
224 3781 235 3806 ι
681 3761 819 3815 Deuotione.
828 3761 984 3816 Deuotionis
992 3761 1135 3814 formulam
1141 3777 1187 3812 seu

167 3856 193 3890 2.
214 3838 335 3893 Risensnt.
356 3839 509 3894 Perizonius
530 3841 638 3910 conjicit
679 3858 785 3894 carmen
797 3859 843 3894 sus
859 3853 933 3896 aetate
945 3840 1188 3910 durasse,testatur

125 3920 241 3982 :benun
260 3918 308 3974 sed
335 3937 427 3974 revera
455 3924 559 3973 rissrrurt
580 3921 636 3974 lisso
679 3920 1187 3987 Plinius,XXXVIII,s.--Labcutes.

126 3999 262 4070 exempla,
279 3999 344 4054 dum
359 4000 391 4054 iis
415 4018 443 4054 se
465 4000 584 4054 revocari
603 4000 636 4053 sb
679 3999 754 4053 MSS.
769 3999 922 4073 quindecim
937 4020 999 4054 cum
1014 4000 1056 4054 ed.
1072 4001 1144 4072 Mag,
1160 4012 1186 4054 et

127 4079 301 4148 opprimenda
331 4079 466 4152 republica
489 4099 545 4134 uon
563 4093 637 4147 ,sunt
679 4079 775 4134 Venet.
797 4081 909 4134 labentes.
931 4079 996 4134 Vid.
1009 4099 1104 4153 supra,
1125 4081 1186 4143 IV,

127 4159 204 4223 passi.
683 4173 779 4227 t,ext.
793 4168 826 4228 45
842 4163 892 4228 IV,
906 4165 939 4226 6,
954 4163 1049 4228 631v,
1066 4164 1082 4218 8
1095 4161 1124 4215 in
1138 4162 1185 4214 lin.

936 4260 1005 4339 25⁴
