3190 5122
412 503 486 574 ndo
595 499 818 569 VALERII
847 499 1057 568 MAXIMI
1084 501 1183 568 LIB.
1215 499 1281 572 IV.

409 661 429 706 a
454 659 521 729 quo
553 633 727 702 damnatus
758 632 887 718 fuerat,
923 657 1034 702 rerum
1061 655 1195 702 suarum
1223 645 1471 727 procuratorem

408 741 573 814 habendo.

466 873 499 944 7.
516 845 611 917 Coelii
628 870 707 914 vero
718 843 813 914 Rufi'
831 859 870 914 ut
889 846 957 920 vita
971 847 1158 939 inquinata,
1172 847 1216 914 ita
1231 846 1474 934 misericordia,

410 979 510 1050 quam
531 956 573 1042 Q.
595 954 753 1046 Pompeio
775 953 942 1046 praestitit,
960 951 1141 1046 probanda.
1165 953 1228 1022 Cui
1250 975 1322 1022 ase
1344 951 1475 1048 publica

411 1057 607 1156 quaestione²
618 1073 801 1154 prostrato,
817 1083 920 1153 quum
934 1073 1040 1128 mater
1051 1057 1204 1128 Cornelia
1215 1059 1291 1128 fidei
1301 1061 1475 1128 commissa

412 1166 534 1262 praedia
553 1189 620 1234 non
634 1165 801 1250 redderet,
822 1181 920 1258 atque
938 1167 999 1233 iste
1019 1165 1175 1236 auxilium
1190 1191 1286 1235 suum
1301 1165 1405 1235 literis
1418 1169 1475 1235 im·

413 1273 589 1369 plorasset,
611 1272 868 1366 pertinacissime
890 1273 1017 1340 absenti
1039 1273 1152 1341 adfuit.
1171 1273 1339 1342 Recitavit
1356 1288 1391 1341 et
1410 1274 1476 1366 ejus

414 1379 585 1475 epistolam
594 1378 718 1472 judicio
734 1377 856 1448 ultimas
868 1365 1085 1450 necessitatis³
1098 1379 1254 1466 indicem,
1266 1403 1331 1474 qua
1342 1382 1477 1474 impiam

415 1485 576 1556 Corneliae
609 1487 779 1554 avaritiam
805 1486 975 1554 subvertit.
1004 1489 1140 1555 Factum
1168 1501 1305 1581 propter
1326 1489 1478 1554 eximiam

415 1594 669 1678 humanitatem,
684 1617 726 1660 ue
741 1594 802 1661 sub
815 1592 920 1662 Coeiio
935 1593 1068 1690 quidem
1080 1607 1215 1662 auctore
1226 1593 1479 1688 repudiandum.

377 1809 381 1820 ¹
417 1794 499 1866 patris
509 1805 645 1858 uteretur,
659 1793 787 1846 tamenab
797 1793 843 1846 illo
854 1791 927 1846 dam·
969 1791 1026 1858 dis,
1041 1793 1076 1850 de
1089 1795 1166 1848 noris
1178 1795 1282 1848 civibus
1295 1794 1481 1865 libertinique

412 1883 494 1927 'natus
503 1886 556 1938 est,
571 1893 649 1944 quem
661 1871 756 1926 deiude
768 1874 926 1926 acerrimum
970 1871 1174 1939 distribuendis,
1190 1873 1224 1927 de
1248 1875 1334 1927 Mario
1355 1873 1480 1928 adversus

419 1973 525 2006 suarum
541 1972 630 2006 rerum
644 1951 926 2026 etdiguitatisprocu-
970 1953 1154 2008 Mithridatem
1181 1953 1295 2008 creando
1318 1953 1396 2007 duce.
1423 1955 1481 2006 Eas·

417 2047 532 2090 retorem
546 2033 647 2088 habuit.
970 2031 1084 2105 demque
1110 2033 1270 2105 perniciosas
1292 2035 1362 2108 leges
1385 2035 1480 2088 cotim

461 2133 487 2168 1.
510 2114 581 2168 caut
592 2135 651 2166 vero
662 2113 726 2184 Rufi.
744 2116 794 2168 An.
809 2115 843 2170 U.
859 2133 925 2183 7⁰²·
971 2112 1120 2168 defendisse
1131 2112 1245 2168 ridetur.

418 2193 534 2247 Videtur
550 2195 594 2246 itte
609 2213 664 2247 esse
678 2195 792 2259 Cealius,
807 2197 882 2264 cujus
894 2191 939 2246 adi
1014 2213 1039 2246 a.
1049 2194 1152 2245 Publica
1168 2199 1307 2266 questione.
1321 2193 1392 2244 Nam
1407 2212 1480 2246 accu-

419 2273 576 2326 Ciceronem
601 2274 770 2326 humanitatis
793 2272 901 2346 quidem
920 2312 928 2340 ,
971 2287 1041 2327 satus
1055 2272 1186 2344 est‚quod
1196 2272 1350 2325 seditiosum
1363 2273 1481 2326 tribuua-

418 2351 464 2404 sed
484 2365 510 2404 et
527 2351 654 2404 affectatae
674 2353 807 2422 elegantia
823 2354 929 2424 jocique
973 2367 1029 2406 turn
1041 2353 1159 2422 gesserit,
1174 2365 1199 2405 et
1213 2353 1343 2424 populum
1360 2351 1483 2406 adversus

418 2431 504 2501 plenae
519 2431 635 2502 epistole
649 2443 758 2484 exstant.
773 2433 852 2485 Cons.
866 2433 929 2483 Vel·
973 2431 1101 2486 Milonem
1114 2433 1280 2496 excitaverit,
1295 2435 1372 2504 cujus
1385 2435 1483 2486 amicis·

419 2509 513 2575 ieium,
529 2511 569 2568 11.
585 2511 621 2564 68
638 2515 654 2580 S
671 2531 700 2573 t,
716 2531 741 2582 p.
763 2514 816 2586 ¹7i
835 2523 930 2564 nostrae
973 2513 1055 2565 simus
1077 2523 1133 2565 erut
1154 2511 1259 2566 Coelius.
1284 2545 1324 2555 -
1347 2514 1482 2569 Prostrnto.

420 2587 485 2641 edit.
507 2621 547 2630 -
574 2591 635 2641 Vite
662 2593 794 2660 inquinata.
824 2589 930 2642 Perdita
973 2593 1110 2664 Superato.
1141 2593 1172 2644 In
1201 2613 1230 2645 ea
1256 2594 1431 2646 contentione
1451 2595 1483 2660 Q.

420 2667 491 2721 enim
508 2681 563 2720 tum
579 2669 706 2740 temporis
722 2670 772 2722 suit
785 2671 930 2740 juventutis
974 2670 1095 2742 Pompeii
1111 2672 1181 2722 fliius
1197 2672 1299 2724 occisus
1321 2686 1377 2736 est,
1393 2687 1419 2726 et
1437 2674 1483 2745 ipsi

420 2745 505 2800 libido
518 2761 596 2820 atque
611 2747 753 2819 protervia.
768 2749 810 2801 Sic
822 2761 848 2800 et
859 2749 930 2804 Rufi.
974 2751 1094 2802 consules
1108 2751 1218 2803 eradere
1227 2751 1269 2802 vix
1282 2763 1484 2820 potuerunt.-

420 2827 490 2880 Nam
514 2845 616 2899 quum,
638 2847 699 2880 eum
719 2829 873 2881 subornasse
902 2829 930 2880 in
977 2831 1058 2882 Mater
1072 2829 1191 2882 Cornelia.
1210 2831 1334 2882 Fratrum
1355 2832 1485 2885 Graccho·

421 2907 564 2960 Lucceium
575 2907 841 2980 veneficos,suspicio
851 2922 930 2974 esset,
974 2929 1043 2962 rum.
1066 2941 1106 2951 —
1127 2909 1225 2976 Ariseria,
1242 2911 1362 2980 Apparet
1384 2913 1428 2964 hic
1446 2911 1485 2964 sis

423 2989 479 3058 ejus
495 3001 656 3040 accusatores
672 3007 786 3054 amores,
801 2986 931 3040 aduiteria
974 2991 1048 3042 verbi
1061 2989 1149 3041 adesse.
1163 2989 1297 3041 Nimirum
1308 2990 1413 3044 absenti
1421 3011 1485 3062 quo·

421 3067 566 3131 iuusitata‚
586 3069 723 3132 convivia,
739 3069 932 3121 commessatio·
974 3088 1026 3142 que
1041 3067 1129 3120 adesse
1145 3087 1302 3142 possumus,
1317 3069 1338 3121 si
1356 3072 1484 3123 rationem

422 3167 487 3208 nes,
504 3159 610 3212 cantus,
627 3147 812 3219 symphonias,
828 3149 931 3220 navigia
975 3151 1030 3218 ejus
1040 3149 1179 3200 {iubeamus
1189 3167 1319 3220 opemque
1328 3150 1353 3202 ei
1362 3151 1482 3204 feramus.

422 3228 447 3280 ei
461 3224 494 3278 ad
504 3225 662 3279 firmandam
675 3227 851 3298 suspicionem
861 3223 933 3297 'obje-
975 3229 1017 3280 Sic
1031 3227 1125 3280 Cicero
1136 3248 1145 3280 :
1157 3249 1259 3298 semper,
1278 3231 1384 3300 inquit,
1398 3231 1487 3281 absenti

422 3319 523 3360 cerunt.
540 3339 580 3349 -
592 3307 624 3374 Q.
646 3307 767 3377 Pompeio.
790 3307 839 3359 Hic
860 3308 933 3360 resti·
976 3307 1045 3374 adsui
1062 3309 1186 3372 Deiotaro.

422 3398 488 3438 terat
496 3385 524 3438 P.
538 3385 656 3457 Sulpicio
670 3387 768 3439 tribun.
779 3387 849 3457 pieb.
862 3387 931 3456 leges
1017 3388 1043 3440 3.
1057 3387 1446 3442 Ultimoenecessitutr's.Utetiarn
1455 3389 1486 3441 ab

422 3465 599 3536 promulganti
614 3463 648 3518 de
664 3466 796 3519 exsulibus
809 3485 933 3519 revocan·
976 3466 1085 3524 inimico
1095 3467 1220 3522 auxilium
1235 3481 1325 3540 petere
1340 3484 1484 3542 cogeretur.

827 3767 1064 3796 ηιμ-ᾤ..-
