3218 5128
365 519 474 590 one.
504 519 541 605 ι,
568 519 635 586 us
670 519 989 588 numerous.
1174 543 1215 618 ¹7

218 657 271 739 td.
294 651 357 720 Sed
378 653 412 718 in
434 651 500 736 his,
520 673 592 744 quac
615 649 657 718 ad
676 649 858 718 custodiam
879 650 1045 745 religionis
1064 652 1220 743 attinent,

158 761 269 828 neseio
286 757 345 826 an¹
366 781 480 826 omnes
499 757 546 824 Μ.
569 755 685 824 Atilius
705 754 852 849 Regulus
868 758 1086 849 precesserit,
1103 761 1159 852 qui
1179 785 1220 829 ex

157 867 281 934 victore
298 864 566 958 speciosissimo,
587 861 708 930 insidiis
731 861 961 950 Hasdrubalis,
981 877 1015 931 et
1035 864 1219 960 Xanthippi

156 970 397 1040 Lacedaemonii
415 969 509 1037 ducis
528 966 570 1036 ad
588 966 806 1038 miserabilem
829 969 950 1063 captivi
971 968 1138 1038 fortunam
1159 969 1221 1038 de-

156 1075 293 1160 ductus,
316 1099 355 1144 ac
376 1075 493 1143 missus
516 1073 558 1142 ad
578 1075 609 1142 S.
631 1077 667 1142 P.
691 1075 733 1162 Q.
756 1077 795 1142 R.
823 1072 965 1168 legatae,
992 1089 1030 1143 ut
1054 1099 1094 1143 ex
1113 1073 1166 1144 se²
1188 1092 1221 1146 et

156 1197 244 1268 uno,
261 1197 295 1250 et
314 1205 408 1268 sene,
427 1179 613 1274 complures
634 1183 812 1248 Poenorum
830 1180 969 1273 juvenes
988 1196 1221 1276 pensarentur,

158 1288 193 1354 in
211 1290 415 1357 contrarium
438 1287 515 1356 dato
539 1285 691 1374 consilio,
718 1286 954 1380 Carthaginem
980 1289 1126 1381 repetiit;
1153 1313 1221 1358 non

157 1379 322 1488 ignarus³,
335 1394 377 1461 ad
394 1417 494 1487 quam
512 1391 679 1480 crudeles,
698 1416 861 1485 quamque
876 1395 994 1462 mento
1011 1393 1071 1462 sibi
1087 1393 1222 1467 infestos

158 1499 237 1569 deos
256 1514 476 1568 reverteretur
495 1525 502 1567 :
522 1525 638 1566 verum
657 1486 757 1592 quia⁴
778 1497 830 1566 his
846 1501 1033 1592 juraverat,
1055 1501 1080 1566 si
1101 1503 1224 1595 captivi

158 1629 274 1673 eorum
291 1604 411 1674 redditi
432 1631 499 1674 non
521 1605 647 1693 forent,
669 1605 712 1673 ad
738 1629 793 1673 eos
821 1604 1068 1674 sareditarum.
1098 1608 1221 1676 Potue-

158 1727 237 1780 runt
251 1713 401 1806 prosecto
415 1711 459 1780 dii
474 1711 674 1780 immortales
689 1709 860 1778 efferatam
876 1713 1028 1804 mitigare
1046 1713 1221 1783 sevitiam:

158 1831 314 1886 caeterum
336 1843 402 1910 quo
427 1817 547 1885 clarior
572 1829 658 1884 esset
682 1815 770 1884 Atilii
792 1815 916 1909 gloria,
937 1817 1223 1910 Carthaginienses

159 1909 327 1992 moribus⁵
347 1924 412 1990 suis
433 1925 482 1989 uti
499 1923 587 2014 passi
603 1935 680 1988 sunt
698 1922 826 1987 :tertio
844 1922 966 2014 punico
986 1920 1072 1989 hello
1095 1923 1223 2019 religio·

158 2029 278 2097 sissimi
293 2029 426 2122 spiritus
440 2040 507 2094 tam
520 2025 698 2094 crudeliter
711 2026 836 2112 vexati,
848 2025 941 2094 urbis
953 2049 1068 2094 eorum
1080 2028 1227 2118 interitu,

154 2134 245 2228 justa
264 2133 411 2202 exacturi
431 2129 570 2226 piacula.
1018 2123 1023 2139 '

221 2251 276 2324 15.
307 2255 442 2342 Quanto
470 2267 591 2322 nostran
619 2255 759 2323 civitatis
791 2268 922 2324 senatus
943 2255 1162 2328 venerabilior
1189 2261 1224 2330 iu

160 2356 254 2430 cleos!
280 2362 335 2454 qui
358 2374 433 2454 post
451 2383 648 2428 cannensem
668 2359 793 2429 cladem
811 2359 973 2444 decrevit,
994 2387 1036 2430 ne
1063 2379 1222 2434 matronae

162 2587 256 2641 regum
266 2569 421 2642 iugameam
430 2587 670 2642 posnamessecou·
714 2569 803 2642 plnres
816 2569 958 2623 Poenorum
974 2569 1066 2636 duces,
1086 2571 1220 2646 iidemque

161 2649 441 2715 stitutum,undeeum
451 2648 671 2702 Aldovocemnon
712 2653 822 2721 juvenes
831 2648 1079 2704 redimerentur2id
1087 2652 1160 2723 quod
1170 2655 1220 2706 lte·
1282 2699 1283 2702 ,

161 2729 411 2782 retinent.-Dion.
420 2729 504 2782 Helio.
514 2729 669 2794 azonam
713 2731 790 2801 gulas
802 2727 932 2782 dissuasit.

207 2828 231 2862 1.
242 2809 330 2861 Nescio
336 2828 377 2862 aa.
383 2809 468 2861 Semel
475 2809 607 2861 monuisse
614 2810 670 2861 sui·
756 2809 782 2862 3.
792 2808 849 2862 Noa
857 2808 1119 2879 ignauameddmt
1127 2812 1217 2865 multis

164 2889 349 2954 secutatione
362 2889 505 2942 formulam
517 2889 671 2958 simpliciter
713 2909 762 2940 non
777 2888 842 2960 guod
852 2893 964 2958 ignem,
975 2887 1003 2940 id
1012 2901 1065 2953 est,
1074 2908 1129 2941 uon
1144 2890 1217 2960 quod

164 2967 580 3040 adfirmare,etsiguiiicare:sute
589 2967 669 3020 detdic.
714 2968 819 3038 ἰςιιιιιιι
843 2981 917 3020 esset.
942 2999 983 3009 -
1004 2969 1070 3020 Deos
1095 2969 1218 3022 nonnulli

160 3047 265 3102 Eodem
276 3067 352 3100 seusu
366 3047 483 3102 dicitur:
498 3048 565 3099 laad
571 3050 620 3098 scio
629 3065 669 3099 aa.
714 3060 879 3118 expungunt,
890 3047 934 3099 alii
946 3048 1021 3098 hostes
1032 3050 1088 3118 ejus
1096 3047 1155 3100 loco
1168 3067 1217 3120 po·

163 3127 330 3195 -uegatm
345 3128 515 3182 Notissimam
531 3125 564 3180 de
577 3127 671 3196 Regula
713 3140 797 3190 nunt,
820 3124 892 3196 quod
916 3127 1115 3197 approbaverim
1139 3147 1146 3180 :
1169 3147 1218 3181 cur

163 3207 343 3258 narrationem
354 3207 464 3278 legimus
477 3207 505 3258 iu
516 3206 606 3269 Livio,
618 3205 670 3258 Po·
714 3206 784 3258 enim
792 3205 836 3258 Dii
845 3207 943 3258 fuerint
951 3207 1038 3259 infesti
1046 3208 1159 3277 llegulo,
1171 3207 1217 3279 quui

163 3285 252 3356 lybia.
260 3284 386 3338 Cicerone
392 3285 426 3338 de
433 3286 487 3338 Off.
495 3287 537 3337 111
545 3321 553 3343 ,
560 3303 609 3337 nec
615 3303 669 3337 non
712 3283 894 3356 jusjurandum
903 3298 955 3338 tam
966 3287 1086 3356 religiose
1097 3299 1122 3338 et
1129 3299 1217 3338 sancte

164 3366 195 3417 in
212 3381 252 3414 or.
267 3379 290 3413 c.
307 3363 426 3416 Pisonem
439 3377 466 3417 et
480 3366 508 3417 in
520 3361 669 3416 Paradoxis.
713 3363 842 3416 servavit?
855 3364 923 3417 Cum
934 3384 965 3430 eo
976 3366 1128 3436 conspirant
1138 3365 1217 3418 etiam

165 3439 491 3496 videtiaml'ikenscberi
499 3444 671 3496 libelluseru-
714 3443 850 3496 Cioeronis
872 3445 964 3509 verba,
985 3463 1000 3496 e
1022 3446 1095 3514 cujus
1113 3444 1217 3516 seriptis

166 3520 271 3575 ditione
283 3520 388 3591 plenisa.
399 3520 432 3573 de
442 3523 480 3574 M.
492 3525 545 3576 Att.
560 3523 669 3593 Regulo.
713 3523 827 3593 plurima
841 3523 935 3575 Noster
955 3522 1088 3574 desumit.
1111 3523 1216 3594 Lipsius

164 3601 243 3654 -Α,
257 3600 293 3653 U.
303 3603 369 3668 498.
383 3601 512 3670 Polybi,
523 3603 576 3664 3ι;
590 3599 668 3654 Diod.
712 3601 776 3672 legit
785 3601 1136 3666 eos5Periaonius,dominos,·
1145 3603 1215 3657 Tor·

165 3679 318 3742 siexxtt,
330 3679 523 3745 remicurte.
530 3681 610 3744 xm,
620 3685 669 3746 ²63
712 3681 817 3744 renius,
831 3683 925 3732 Poeaos.

142 3777 150 3792 ·
167 3761 238 3813 lior.
254 3761 296 3824 11,
315 3779 349 3823 a,
365 3760 400 3812 23
409 3771 436 3812 et
450 3758 502 3810 alii.
755 3765 781 3822 4.
798 3761 873 3828 Quia.
887 3759 995 3830 Pighius
1007 3761 1132 3828 expunxit
1146 3767 1217 3834 queis,

209 3859 235 3892 a.
250 3839 293 3890 Ee
311 3859 343 3892 se.
359 3839 445 3892 Periz.
461 3849 487 3888 et
500 3836 571 3907 Lipa.
582 3835 671 3890 deleat
714 3837 759 3891 sed
774 3837 943 3891 retinendum
960 3849 998 3890 est
1009 3841 1162 3893 auctoritate
1175 3859 1218 3894 co·

166 3939 196 3971 et
206 3916 280 3990 quod
290 3929 378 3970 tamen
388 3919 417 3970 iu
428 3917 552 3970 omuibus
562 3915 636 3969 MSS.
645 3929 671 3969 et
714 3916 803 3970 dicum
819 3917 893 3970 MSS.
1115 3963 1118 3970 .

167 3996 228 4051 edd.
237 4008 301 4050 vett.
310 4011 400 4052 exstat.
408 3997 496 4049 Valer.
506 3995 668 4050 dicerevult:
755 3998 781 4050 ⁵.
793 3996 910 4048 Morum.
921 3997 975 4061 Qui
989 3998 1145 4070 plerumque
1158 4017 1217 4070 per·

167 4077 394 4148 Carthaginienses
406 4077 562 4148 postulasse,
576 4089 607 4129 ut
619 4095 669 4147 pro
711 4075 761 4129 ddi
775 4089 801 4128 et
813 4076 939 4128 immanes
947 4077 1059 4130 haerent.
1070 4109 1106 4122 -·
1119 4083 1170 4130 An.
1180 4079 1216 4132 U.

167 4157 268 4227 Regulo
276 4175 343 4223 uno,
356 4155 502 4228 eodeumue
515 4175 590 4222 sene,
599 4174 669 4210 com·
717 4154 1216 4224 503.cte.0ffie.111‚2s;ust1.V1‚4.

243 4273 272 4337 I.
1014 4291 1033 4333 a
