<?xml version="1.0" encoding="UTF-8"?>
<!DOCTYPE html PUBLIC "-//W3C//DTD XHTML 1.0 Transitional//EN"
    "http://www.w3.org/TR/xhtml1/DTD/xhtml1-transitional.dtd">
<html xmlns="http://www.w3.org/1999/xhtml" xml:lang="en" lang="en">
 <head>
  <title>
</title>
<meta http-equiv="Content-Type" content="text/html;charset=utf-8" />
  <meta name='ocr-system' content='tesseract 3.04.00' />
  <meta name='ocr-capabilities' content='ocr_page ocr_carea ocr_par ocr_line ocrx_word'/>
</head>
<body>
  <div class='ocr_page' id='page_1' title='image "./valeriusmaximus01lykogoog_0483.png"; bbox 0 0 3168 5124; ppageno 0'>
   <div class='ocr_carea' id='block_1_1' title="bbox 389 509 1268 642">
    <p class='ocr_par' dir='ltr' id='par_1_1' title="bbox 389 509 1268 642">
     <span class='ocr_line' id='line_1_1' title="bbox 389 509 1268 642; baseline -0.008 -15"><span class='ocrx_word' id='word_1_1' title='bbox 389 509 465 642; x_wconf 69' lang='lat' dir='ltr'><strong>ass</strong></span> <span class='ocrx_word' id='word_1_2' title='bbox 582 555 807 624; x_wconf 78' lang='lat' dir='ltr'><strong>vasnnu</strong></span> <span class='ocrx_word' id='word_1_3' title='bbox 835 553 1045 622; x_wconf 72' lang='lat' dir='ltr'><strong>Mamm</strong></span> <span class='ocrx_word' id='word_1_4' title='bbox 1073 553 1171 622; x_wconf 80' lang='lat' dir='ltr'><strong>nm.</strong></span> <span class='ocrx_word' id='word_1_5' title='bbox 1199 553 1268 620; x_wconf 85' lang='lat' dir='ltr'><strong>vr.</strong></span> 
     </span>
    </p>
   </div>
   <div class='ocr_carea' id='block_1_2' title="bbox 383 683 1460 2706">
    <p class='ocr_par' dir='ltr' id='par_1_2' title="bbox 387 683 1459 865">
     <span class='ocr_line' id='line_1_2' title="bbox 388 683 1459 782; baseline -0.002 -24"><span class='ocrx_word' id='word_1_6' title='bbox 388 691 488 758; x_wconf 89' lang='lat' dir='ltr'><strong>stium</strong></span> <span class='ocrx_word' id='word_1_7' title='bbox 509 685 630 757; x_wconf 85' lang='lat' dir='ltr'><strong>ducem</strong></span> <span class='ocrx_word' id='word_1_8' title='bbox 646 687 773 757; x_wconf 81' lang='lat' dir='ltr'><strong>vincire</strong></span> <span class='ocrx_word' id='word_1_9' title='bbox 792 687 959 782; x_wconf 84' lang='lat' dir='ltr'><strong>potuisse3</strong></span> <span class='ocrx_word' id='word_1_10' title='bbox 980 683 1039 755; x_wconf 83' lang='lat' dir='ltr'><strong>sed</strong></span> <span class='ocrx_word' id='word_1_11' title='bbox 1056 683 1164 755; x_wconf 90' lang='lat' dir='ltr'><strong>multo</strong></span> <span class='ocrx_word' id='word_1_12' title='bbox 1184 683 1338 756; x_wconf 74' lang='lat' dir='ltr'><strong>clariores</strong></span> <span class='ocrx_word' id='word_1_13' title='bbox 1357 686 1459 776; x_wconf 84' lang='lat' dir='ltr'><strong>feeit,</strong></span> 
     </span>
     <span class='ocr_line' id='line_1_3' title="bbox 387 793 541 865; baseline -0.013 -1"><span class='ocrx_word' id='word_1_14' title='bbox 387 793 541 865; x_wconf 89' lang='lat' dir='ltr'><strong>noluisse.</strong></span> 
     </span>
    </p>

    <p class='ocr_par' dir='ltr' id='par_1_3' title="bbox 388 897 1460 1532">
     <span class='ocr_line' id='line_1_4' title="bbox 445 897 1459 996; baseline -0.005 -24"><span class='ocrx_word' id='word_1_15' title='bbox 445 899 478 972; x_wconf 83' lang='lat'><strong>3.</strong></span> <span class='ocrx_word' id='word_1_16' title='bbox 500 899 670 972; x_wconf 84' lang='lat' dir='ltr'><strong>Adversus</strong></span> <span class='ocrx_word' id='word_1_17' title='bbox 691 899 826 970; x_wconf 91' lang='lat' dir='ltr'><strong>eosdem</strong></span> <span class='ocrx_word' id='word_1_18' title='bbox 848 899 962 970; x_wconf 87' lang='lat' dir='ltr'><strong>hostes</strong></span> <span class='ocrx_word' id='word_1_19' title='bbox 980 923 1096 995; x_wconf 90' lang='lat' dir='ltr'><strong>parem</strong></span> <span class='ocrx_word' id='word_1_20' title='bbox 1112 897 1212 968; x_wconf 90' lang='lat' dir='ltr'><strong>fidem</strong></span> <span class='ocrx_word' id='word_1_21' title='bbox 1229 900 1264 968; x_wconf 90' lang='lat' dir='ltr'><strong>in</strong></span> <span class='ocrx_word' id='word_1_22' title='bbox 1278 898 1353 992; x_wconf 86' lang='lat' dir='ltr'><strong>jure</strong></span> <span class='ocrx_word' id='word_1_23' title='bbox 1367 899 1459 996; x_wconf 85' lang='lat' dir='ltr'><strong>lega-</strong></span> 
     </span>
     <span class='ocr_line' id='line_1_5' title="bbox 388 1005 1460 1104; baseline -0.002 -26"><span class='ocrx_word' id='word_1_24' title='bbox 388 1010 487 1079; x_wconf 86' lang='lat' dir='ltr'>tionis</span> <span class='ocrx_word' id='word_1_25' title='bbox 505 1007 630 1077; x_wconf 88' lang='lat' dir='ltr'><strong>tueudo</strong></span> <span class='ocrx_word' id='word_1_26' title='bbox 645 1021 757 1104; x_wconf 87' lang='lat' dir='ltr'><strong>patres</strong></span> <span class='ocrx_word' id='word_1_27' title='bbox 772 1008 953 1103; x_wconf 85' lang='lat' dir='ltr'><strong>conscripti</strong></span> <span class='ocrx_word' id='word_1_28' title='bbox 974 1006 1153 1077; x_wconf 80' lang='lat' dir='ltr'>exhibuere</span> <span class='ocrx_word' id='word_1_29' title='bbox 1162 1005 1183 1091; x_wconf 80' lang='lat'><strong>¹3</strong></span> <span class='ocrx_word' id='word_1_30' title='bbox 1195 1007 1244 1076; x_wconf 86' lang='grc' dir='ltr'><strong>Μ.</strong></span> <span class='ocrx_word' id='word_1_31' title='bbox 1259 1008 1347 1076; x_wconf 91' lang='lat' dir='ltr'><strong>enim</strong></span> <span class='ocrx_word' id='word_1_32' title='bbox 1360 1009 1460 1076; x_wconf 84' lang='lat' dir='ltr'><strong>AEmi-</strong></span> 
     </span>
     <span class='ocr_line' id='line_1_6' title="bbox 389 1113 1458 1210; baseline 0 -26"><span class='ocrx_word' id='word_1_33' title='bbox 389 1114 434 1184; x_wconf 95' lang='lat' dir='ltr'><strong>lio</strong></span> <span class='ocrx_word' id='word_1_34' title='bbox 451 1115 595 1210; x_wconf 89' lang='lat' dir='ltr'><strong>Lepido,</strong></span> <span class='ocrx_word' id='word_1_35' title='bbox 609 1117 649 1186; x_wconf 93' lang='lat' dir='ltr'><strong>C.</strong></span> <span class='ocrx_word' id='word_1_36' title='bbox 664 1113 825 1184; x_wconf 88' lang='lat' dir='ltr'><strong>Flaminio</strong></span> <span class='ocrx_word' id='word_1_37' title='bbox 839 1137 922 1184; x_wconf 89' lang='lat' dir='ltr'><strong>coss.</strong></span> <span class='ocrx_word' id='word_1_38' title='bbox 942 1116 981 1184; x_wconf 92' lang='lat' dir='ltr'><strong>L.</strong></span> <span class='ocrx_word' id='word_1_39' title='bbox 994 1115 1181 1184; x_wconf 91' lang='lat' dir='ltr'><strong>Minucium</strong></span> <span class='ocrx_word' id='word_1_40' title='bbox 1191 1127 1225 1182; x_wconf 92' lang='lat' dir='ltr'><strong>et</strong></span> <span class='ocrx_word' id='word_1_41' title='bbox 1238 1115 1278 1182; x_wconf 90' lang='lat' dir='ltr'><strong>L.</strong></span> <span class='ocrx_word' id='word_1_42' title='bbox 1293 1113 1458 1184; x_wconf 87' lang='lat' dir='ltr'><strong>Manlium</strong></span> 
     </span>
     <span class='ocr_line' id='line_1_7' title="bbox 389 1219 1458 1317; baseline -0.002 -25"><span class='ocrx_word' id='word_1_43' title='bbox 389 1222 713 1317; x_wconf 81' lang='lat' dir='ltr'><strong>Carthaginiensium</strong></span> <span class='ocrx_word' id='word_1_44' title='bbox 731 1221 863 1316; x_wconf 87' lang='lat' dir='ltr'><strong>legatis,</strong></span> <span class='ocrx_word' id='word_1_45' title='bbox 878 1221 957 1316; x_wconf 84' lang='lat' dir='ltr'><strong>quia</strong></span> <span class='ocrx_word' id='word_1_46' title='bbox 974 1245 1092 1290; x_wconf 90' lang='lat' dir='ltr'><strong>manus</strong></span> <span class='ocrx_word' id='word_1_47' title='bbox 1109 1221 1160 1290; x_wconf 93' lang='lat' dir='ltr'><strong>bis</strong></span> <span class='ocrx_word' id='word_1_48' title='bbox 1174 1219 1382 1310; x_wconf 63' lang='lat' dir='ltr'><strong>attulerant,</strong></span> <span class='ocrx_word' id='word_1_49' title='bbox 1394 1247 1458 1317; x_wconf 85' lang='lat' dir='ltr'><strong>per</strong></span> 
     </span>
     <span class='ocr_line' id='line_1_8' title="bbox 390 1319 1459 1425; baseline 0 -27"><span class='ocrx_word' id='word_1_50' title='bbox 390 1327 522 1399; x_wconf 85' lang='lat' dir='ltr'><strong>feciales</strong></span> <span class='ocrx_word' id='word_1_51' title='bbox 540 1319 703 1422; x_wconf 88' lang='lat' dir='ltr'><strong>[Claudio</strong></span> <span class='ocrx_word' id='word_1_52' title='bbox 718 1319 884 1425; x_wconf 79' lang='lat' dir='ltr'><strong>praetore]</strong></span> <span class='ocrx_word' id='word_1_53' title='bbox 901 1327 1071 1400; x_wconf 91' lang='lat' dir='ltr'><strong>dedendos</strong></span> <span class='ocrx_word' id='word_1_54' title='bbox 1086 1343 1308 1398; x_wconf 82' lang='lat' dir='ltr'><strong>curaverunt:</strong></span> <span class='ocrx_word' id='word_1_55' title='bbox 1327 1353 1363 1398; x_wconf 90' lang='lat' dir='ltr'><strong>se</strong></span> <span class='ocrx_word' id='word_1_56' title='bbox 1378 1342 1459 1398; x_wconf 82' lang='lat' dir='ltr'><strong>mne</strong></span> 
     </span>
     <span class='ocr_line' id='line_1_9' title="bbox 389 1433 1367 1532; baseline -0.002 -27"><span class='ocrx_word' id='word_1_57' title='bbox 389 1451 541 1524; x_wconf 90' lang='lat' dir='ltr'><strong>senatus,</strong></span> <span class='ocrx_word' id='word_1_58' title='bbox 561 1461 630 1505; x_wconf 91' lang='lat' dir='ltr'><strong>non</strong></span> <span class='ocrx_word' id='word_1_59' title='bbox 650 1461 708 1506; x_wconf 90' lang='lat' dir='ltr'><strong>eos</strong></span> <span class='ocrx_word' id='word_1_60' title='bbox 729 1436 849 1532; x_wconf 89' lang='lat' dir='ltr'><strong>quibus</strong></span> <span class='ocrx_word' id='word_1_61' title='bbox 866 1436 933 1505; x_wconf 91' lang='lat' dir='ltr'><strong>hoe</strong></span> <span class='ocrx_word' id='word_1_62' title='bbox 952 1435 1190 1532; x_wconf 73' lang='lat' dir='ltr'><strong>prestabatur,</strong></span> <span class='ocrx_word' id='word_1_63' title='bbox 1206 1433 1367 1531; x_wconf 77' lang='lat' dir='ltr'><strong>adspesit.</strong></span> 
     </span>
    </p>

    <p class='ocr_par' dir='ltr' id='par_1_4' title="bbox 383 1529 1459 2282">
     <span class='ocr_line' id='line_1_10' title="bbox 443 1529 1458 1638; baseline 0.001 -25"><span class='ocrx_word' id='word_1_64' title='bbox 443 1547 478 1630; x_wconf 74' lang='grc'><strong>4.</strong></span> <span class='ocrx_word' id='word_1_65' title='bbox 492 1529 613 1638; x_wconf 84' lang='lat' dir='ltr'><strong>Cujus³</strong></span> <span class='ocrx_word' id='word_1_66' title='bbox 623 1541 812 1638; x_wconf 84' lang='lat' dir='ltr'><strong>exemplum</strong></span> <span class='ocrx_word' id='word_1_67' title='bbox 822 1543 973 1638; x_wconf 82' lang='lat' dir='ltr'><strong>superior</strong></span> <span class='ocrx_word' id='word_1_68' title='bbox 981 1541 1157 1614; x_wconf 80' lang='lat' dir='ltr'><strong>Afrieauus</strong></span> <span class='ocrx_word' id='word_1_69' title='bbox 1169 1556 1346 1638; x_wconf 88' lang='lat' dir='ltr'><strong>sequutus,</strong></span> <span class='ocrx_word' id='word_1_70' title='bbox 1355 1566 1458 1636; x_wconf 85' lang='lat' dir='ltr'><strong>quum</strong></span> 
     </span>
     <span class='ocr_line' id='line_1_11' title="bbox 388 1647 1458 1746; baseline -0.002 -26"><span class='ocrx_word' id='word_1_71' title='bbox 388 1665 542 1720; x_wconf 84' lang='lat' dir='ltr'><strong>onustam</strong></span> <span class='ocrx_word' id='word_1_72' title='bbox 563 1647 676 1720; x_wconf 87' lang='lat' dir='ltr'><strong>multis</strong></span> <span class='ocrx_word' id='word_1_73' title='bbox 697 1665 731 1720; x_wconf 92' lang='lat' dir='ltr'><strong>et</strong></span> <span class='ocrx_word' id='word_1_74' title='bbox 751 1649 932 1720; x_wconf 87' lang='lat' dir='ltr'><strong>illustribus</strong></span> <span class='ocrx_word' id='word_1_75' title='bbox 952 1650 1277 1746; x_wconf 83' lang='lat' dir='ltr'><strong>Carthaginiensium</strong></span> <span class='ocrx_word' id='word_1_76' title='bbox 1294 1651 1380 1718; x_wconf 78' lang='lat' dir='ltr'><strong>viris</strong></span> <span class='ocrx_word' id='word_1_77' title='bbox 1402 1673 1458 1718; x_wconf 89' lang='lat' dir='ltr'><strong>na·</strong></span> 
     </span>
     <span class='ocr_line' id='line_1_12' title="bbox 383 1755 1458 1853; baseline 0.002 -29"><span class='ocrx_word' id='word_1_78' title='bbox 383 1781 464 1848; x_wconf 31' lang='lat' dir='ltr'><strong>&#39;vem</strong></span> <span class='ocrx_word' id='word_1_79' title='bbox 483 1759 518 1826; x_wconf 92' lang='lat' dir='ltr'><strong>in</strong></span> <span class='ocrx_word' id='word_1_80' title='bbox 539 1782 633 1827; x_wconf 87' lang='lat' dir='ltr'><strong>suam</strong></span> <span class='ocrx_word' id='word_1_81' title='bbox 654 1771 853 1853; x_wconf 86' lang='lat' dir='ltr'><strong>potestatem</strong></span> <span class='ocrx_word' id='word_1_82' title='bbox 875 1756 1076 1852; x_wconf 79' lang='lat' dir='ltr'><strong>redegisset,</strong></span> <span class='ocrx_word' id='word_1_83' title='bbox 1098 1756 1291 1826; x_wconf 87' lang='lat' dir='ltr'><strong>inviolatam</strong></span> <span class='ocrx_word' id='word_1_84' title='bbox 1313 1755 1458 1842; x_wconf 86' lang='lat' dir='ltr'><strong>dimisit,</strong></span> 
     </span>
     <span class='ocr_line' id='line_1_13' title="bbox 388 1863 1456 1960; baseline 0 -28"><span class='ocrx_word' id='word_1_85' title='bbox 388 1863 468 1958; x_wconf 92' lang='lat' dir='ltr'><strong>quia</strong></span> <span class='ocrx_word' id='word_1_86' title='bbox 482 1889 520 1934; x_wconf 85' lang='lat' dir='ltr'><strong>se</strong></span> <span class='ocrx_word' id='word_1_87' title='bbox 541 1866 677 1960; x_wconf 77' lang='lat' dir='ltr'><strong>legatos</strong></span> <span class='ocrx_word' id='word_1_88' title='bbox 694 1865 747 1934; x_wconf 84' lang='lat' dir='ltr'><strong>ad</strong></span> <span class='ocrx_word' id='word_1_89' title='bbox 763 1889 839 1934; x_wconf 86' lang='lat' dir='ltr'><strong>eum</strong></span> <span class='ocrx_word' id='word_1_90' title='bbox 863 1869 985 1934; x_wconf 79' lang='lat' dir='ltr'><strong>missos</strong></span> <span class='ocrx_word' id='word_1_91' title='bbox 1006 1863 1183 1950; x_wconf 71' lang='lat' dir='ltr'><strong>dicebant,</strong></span> <span class='ocrx_word' id='word_1_92' title='bbox 1201 1863 1336 1933; x_wconf 88' lang='lat' dir='ltr'><strong>tametsi</strong></span> <span class='ocrx_word' id='word_1_93' title='bbox 1353 1865 1456 1932; x_wconf 83' lang='lat' dir='ltr'><strong>marri-</strong></span> 
     </span>
     <span class='ocr_line' id='line_1_14' title="bbox 388 1968 1458 2067; baseline -0.002 -27"><span class='ocrx_word' id='word_1_94' title='bbox 388 1971 509 2040; x_wconf 83' lang='lat' dir='ltr'><strong>festum</strong></span> <span class='ocrx_word' id='word_1_95' title='bbox 529 1986 616 2060; x_wconf 88' lang='lat' dir='ltr'><strong>erat,</strong></span> <span class='ocrx_word' id='word_1_96' title='bbox 638 1969 711 2042; x_wconf 92' lang='lat' dir='ltr'><strong>illos</strong></span> <span class='ocrx_word' id='word_1_97' title='bbox 726 1971 851 2042; x_wconf 86' lang='lat' dir='ltr'><strong>vitandi</strong></span> <span class='ocrx_word' id='word_1_98' title='bbox 869 1973 1040 2067; x_wconf 75' lang='lat' dir='ltr'><strong>presentis</strong></span> <span class='ocrx_word' id='word_1_99' title='bbox 1059 1969 1196 2067; x_wconf 86' lang='lat' dir='ltr'><strong>periculi</strong></span> <span class='ocrx_word' id='word_1_100' title='bbox 1211 1971 1321 2066; x_wconf 86' lang='lat' dir='ltr'><strong>gratia</strong></span> <span class='ocrx_word' id='word_1_101' title='bbox 1339 1968 1458 2038; x_wconf 83' lang='lat' dir='ltr'><strong>falsum</strong></span> 
     </span>
     <span class='ocr_line' id='line_1_15' title="bbox 388 2075 1459 2174; baseline 0 -28"><span class='ocrx_word' id='word_1_102' title='bbox 388 2075 561 2173; x_wconf 85' lang='lat' dir='ltr'><strong>legationis</strong></span> <span class='ocrx_word' id='word_1_103' title='bbox 575 2103 699 2148; x_wconf 89' lang='lat' dir='ltr'><strong>nomen</strong></span> <span class='ocrx_word' id='word_1_104' title='bbox 717 2077 893 2174; x_wconf 85' lang='lat' dir='ltr'><strong>amplecti,</strong></span> <span class='ocrx_word' id='word_1_105' title='bbox 912 2091 951 2148; x_wconf 92' lang='lat' dir='ltr'><strong>ut</strong></span> <span class='ocrx_word' id='word_1_106' title='bbox 969 2079 1098 2148; x_wconf 89' lang='lat' dir='ltr'><strong>romani</strong></span> <span class='ocrx_word' id='word_1_107' title='bbox 1115 2077 1328 2173; x_wconf 88' lang='lat' dir='ltr'><strong>imperatoris</strong></span> <span class='ocrx_word' id='word_1_108' title='bbox 1349 2077 1459 2172; x_wconf 83' lang='lat' dir='ltr'><strong>potius</strong></span> 
     </span>
     <span class='ocr_line' id='line_1_16' title="bbox 387 2183 1336 2282; baseline -0.002 -28"><span class='ocrx_word' id='word_1_109' title='bbox 387 2184 528 2280; x_wconf 86' lang='lat' dir='ltr'><strong>decepta</strong></span> <span class='ocrx_word' id='word_1_110' title='bbox 548 2185 648 2276; x_wconf 89' lang='lat' dir='ltr'><strong>fides,</strong></span> <span class='ocrx_word' id='word_1_111' title='bbox 667 2211 768 2282; x_wconf 90' lang='lat' dir='ltr'><strong>quam</strong></span> <span class='ocrx_word' id='word_1_112' title='bbox 783 2185 908 2256; x_wconf 80' lang='lat' dir='ltr'><strong>frustra</strong></span> <span class='ocrx_word' id='word_1_113' title='bbox 928 2183 1104 2280; x_wconf 85' lang='lat' dir='ltr'><strong>implorata</strong></span> <span class='ocrx_word' id='word_1_114' title='bbox 1118 2185 1336 2279; x_wconf 86' lang='lat' dir='ltr'><strong>judicaretur.</strong></span> 
     </span>
    </p>

    <p class='ocr_par' dir='ltr' id='par_1_5' title="bbox 386 2285 1460 2706">
     <span class='ocr_line' id='line_1_17' title="bbox 444 2285 1460 2388; baseline -0.004 -26"><span class='ocrx_word' id='word_1_115' title='bbox 444 2285 476 2362; x_wconf 83' lang='lat'><strong>5.</strong></span> <span class='ocrx_word' id='word_1_116' title='bbox 495 2295 783 2388; x_wconf 77' lang='lat' dir='ltr'><strong>Repraesentemus</strong></span> <span class='ocrx_word' id='word_1_117' title='bbox 797 2296 897 2364; x_wconf 87' lang='lat' dir='ltr'><strong>etiam</strong></span> <span class='ocrx_word' id='word_1_118' title='bbox 914 2291 995 2362; x_wconf 92' lang='lat' dir='ltr'><strong>illud</strong></span> <span class='ocrx_word' id='word_1_119' title='bbox 1010 2307 1141 2362; x_wconf 89' lang='lat' dir='ltr'><strong>senatus</strong></span> <span class='ocrx_word' id='word_1_120' title='bbox 1154 2289 1247 2360; x_wconf 90' lang='lat' dir='ltr'><strong>nullo</strong></span> <span class='ocrx_word' id='word_1_121' title='bbox 1261 2290 1366 2360; x_wconf 90' lang='lat' dir='ltr'><strong>modo</strong></span> <span class='ocrx_word' id='word_1_122' title='bbox 1380 2315 1460 2386; x_wconf 76' lang='lat' dir='ltr'><strong>pra·</strong></span> 
     </span>
     <span class='ocr_line' id='line_1_18' title="bbox 388 2389 1458 2496; baseline 0 -30"><span class='ocrx_word' id='word_1_123' title='bbox 388 2399 638 2470; x_wconf 86' lang='lat' dir='ltr'><strong>tennittendum</strong></span> <span class='ocrx_word' id='word_1_124' title='bbox 660 2389 785 2494; x_wconf 68' lang='lat' dir='ltr'><strong>opus⁴;</strong></span> <span class='ocrx_word' id='word_1_125' title='bbox 801 2401 927 2496; x_wconf 89' lang='lat' dir='ltr'><strong>legatos</strong></span> <span class='ocrx_word' id='word_1_126' title='bbox 949 2399 992 2470; x_wconf 91' lang='lat' dir='ltr'><strong>ab</strong></span> <span class='ocrx_word' id='word_1_127' title='bbox 1016 2399 1098 2468; x_wconf 88' lang='lat' dir='ltr'><strong>urbe</strong></span> <span class='ocrx_word' id='word_1_128' title='bbox 1116 2397 1293 2496; x_wconf 88' lang='lat' dir='ltr'><strong>Apollonia</strong></span> <span class='ocrx_word' id='word_1_129' title='bbox 1314 2399 1458 2466; x_wconf 88' lang='lat' dir='ltr'><strong>Romam</strong></span> 
     </span>
     <span class='ocr_line' id='line_1_19' title="bbox 387 2504 1457 2602; baseline -0.002 -29"><span class='ocrx_word' id='word_1_130' title='bbox 387 2506 520 2593; x_wconf 90' lang='lat' dir='ltr'><strong>missos,</strong></span> <span class='ocrx_word' id='word_1_131' title='bbox 537 2507 604 2596; x_wconf 93' lang='lat' dir='ltr'><strong>Qu.</strong></span> <span class='ocrx_word' id='word_1_132' title='bbox 626 2506 746 2576; x_wconf 87' lang='lat' dir='ltr'><strong>Fabius</strong></span> <span class='ocrx_word' id='word_1_133' title='bbox 760 2521 793 2575; x_wconf 88' lang='lat' dir='ltr'><strong>et</strong></span> <span class='ocrx_word' id='word_1_134' title='bbox 811 2509 872 2576; x_wconf 89' lang='lat' dir='ltr'><strong>Cn.</strong></span> <span class='ocrx_word' id='word_1_135' title='bbox 892 2507 1062 2602; x_wconf 87' lang='lat' dir='ltr'><strong>Apronius</strong></span> <span class='ocrx_word' id='word_1_136' title='bbox 1080 2504 1208 2594; x_wconf 84' lang='lat' dir='ltr'><strong>aediles,</strong></span> <span class='ocrx_word' id='word_1_137' title='bbox 1226 2519 1301 2574; x_wconf 89' lang='lat' dir='ltr'><strong>orta</strong></span> <span class='ocrx_word' id='word_1_138' title='bbox 1321 2519 1457 2573; x_wconf 88' lang='lat' dir='ltr'><strong>conten·</strong></span> 
     </span>
     <span class='ocr_line' id='line_1_20' title="bbox 386 2609 1458 2706; baseline 0.002 -29"><span class='ocrx_word' id='word_1_139' title='bbox 386 2611 494 2699; x_wconf 88' lang='lat' dir='ltr'><strong>tione,</strong></span> <span class='ocrx_word' id='word_1_140' title='bbox 512 2609 749 2706; x_wconf 85' lang='lat' dir='ltr'><strong>pulsaverunt;</strong></span> <span class='ocrx_word' id='word_1_141' title='bbox 762 2613 852 2706; x_wconf 88' lang='lat' dir='ltr'><strong>quod</strong></span> <span class='ocrx_word' id='word_1_142' title='bbox 868 2614 927 2682; x_wconf 95' lang='lat' dir='ltr'><strong>ubi</strong></span> <span class='ocrx_word' id='word_1_143' title='bbox 949 2613 1130 2706; x_wconf 89' lang='lat' dir='ltr'><strong>comperit,</strong></span> <span class='ocrx_word' id='word_1_144' title='bbox 1146 2612 1305 2680; x_wconf 86' lang='lat' dir='ltr'><strong>continuo</strong></span> <span class='ocrx_word' id='word_1_145' title='bbox 1324 2635 1380 2679; x_wconf 88' lang='lat' dir='ltr'><strong>eos</strong></span> <span class='ocrx_word' id='word_1_146' title='bbox 1393 2635 1458 2704; x_wconf 88' lang='lat' dir='ltr'><strong>per</strong></span> 
     </span>
    </p>
   </div>
   <div class='ocr_carea' id='block_1_3' title="bbox 383 2805 1463 4322">
    <p class='ocr_par' dir='ltr' id='par_1_6' title="bbox 387 2805 1450 2960">
     <span class='ocr_line' id='line_1_21' title="bbox 430 2805 1448 2884; baseline -0.004 -18"><span class='ocrx_word' id='word_1_147' title='bbox 430 2831 455 2866; x_wconf 86' lang='lat' dir='ltr'><strong>r.</strong></span> <span class='ocrx_word' id='word_1_148' title='bbox 476 2811 623 2864; x_wconf 74' lang='lat' dir='ltr'><strong>Esls’bnere.</strong></span> <span class='ocrx_word' id='word_1_149' title='bbox 641 2811 693 2865; x_wconf 79' lang='lat' dir='ltr'><strong>An.</strong></span> <span class='ocrx_word' id='word_1_150' title='bbox 705 2809 741 2864; x_wconf 89' lang='lat' dir='ltr'><strong>U.</strong></span> <span class='ocrx_word' id='word_1_151' title='bbox 756 2805 896 2866; x_wconf 77' lang='lat' dir='ltr'><strong>soutiv.</strong></span> <span class='ocrx_word' id='word_1_152' title='bbox 942 2811 1029 2884; x_wconf 79' lang='lat' dir='ltr'><strong>spexit</strong></span> <span class='ocrx_word' id='word_1_153' title='bbox 1049 2823 1114 2864; x_wconf 84' lang='lat' dir='ltr'><strong>nme</strong></span> <span class='ocrx_word' id='word_1_154' title='bbox 1136 2821 1256 2876; x_wconf 74' lang='lat' dir='ltr'><strong>sensam,</strong></span> <span class='ocrx_word' id='word_1_155' title='bbox 1275 2807 1336 2881; x_wconf 81' lang='lat' dir='ltr'><strong>guid</strong></span> <span class='ocrx_word' id='word_1_156' title='bbox 1356 2807 1448 2862; x_wconf 69' lang='lat' dir='ltr'><strong>baetis</strong></span> 
     </span>
     <span class='ocr_line' id='line_1_22' title="bbox 387 2888 1450 2960; baseline -0.002 -16"><span class='ocrx_word' id='word_1_157' title='bbox 387 2891 551 2954; x_wconf 84' lang='lat' dir='ltr'><strong>xxxvm,</strong></span> <span class='ocrx_word' id='word_1_158' title='bbox 567 2897 614 2956; x_wconf 61' lang='lat' dir='ltr'><strong>aa.</strong></span> <span class='ocrx_word' id='word_1_159' title='bbox 943 2891 1023 2944; x_wconf 84' lang='lat' dir='ltr'><strong>toties</strong></span> <span class='ocrx_word' id='word_1_160' title='bbox 1053 2889 1197 2945; x_wconf 78' lang='lat' dir='ltr'><strong>l&#39;oederibus</strong></span> <span class='ocrx_word' id='word_1_161' title='bbox 1228 2888 1450 2960; x_wconf 66' lang='lat' dir='ltr'><strong>Carthaginiense</strong></span> 
     </span>
    </p>

    <p class='ocr_par' dir='ltr' id='par_1_7' title="bbox 383 2969 1463 4322">
     <span class='ocr_line' id='line_1_23' title="bbox 429 2969 1455 3043; baseline -0.001 -21"><span class='ocrx_word' id='word_1_162' title='bbox 429 2991 455 3024; x_wconf 84' lang='lat' dir='ltr'><strong>n.</strong></span> <span class='ocrx_word' id='word_1_163' title='bbox 476 2971 628 3025; x_wconf 76' lang='lat' dir='ltr'><strong>Atttderant.</strong></span> <span class='ocrx_word' id='word_1_164' title='bbox 650 2969 742 3042; x_wconf 81' lang='lat' dir='ltr'><strong>Legati</strong></span> <span class='ocrx_word' id='word_1_165' title='bbox 762 2969 898 3043; x_wconf 80' lang='lat' dir='ltr'><strong>Carthagi·</strong></span> <span class='ocrx_word' id='word_1_166' title='bbox 942 2983 1124 3038; x_wconf 87' lang='lat' dir='ltr'><strong>mererentur,</strong></span> <span class='ocrx_word' id='word_1_167' title='bbox 1136 2969 1182 3024; x_wconf 84' lang='lat' dir='ltr'><strong>sed</strong></span> <span class='ocrx_word' id='word_1_168' title='bbox 1195 2969 1328 3024; x_wconf 80' lang='lat' dir='ltr'><strong>honestius</strong></span> <span class='ocrx_word' id='word_1_169' title='bbox 1338 2971 1379 3039; x_wconf 71' lang='lat' dir='ltr'><strong>ius</strong></span> <span class='ocrx_word' id='word_1_170' title='bbox 1391 2987 1455 3040; x_wconf 88' lang='lat' dir='ltr'><strong>gen·</strong></span> 
     </span>
     <span class='ocr_line' id='line_1_24' title="bbox 387 3049 1408 3124; baseline -0.003 -20"><span class='ocrx_word' id='word_1_171' title='bbox 387 3049 519 3104; x_wconf 85' lang='lat' dir='ltr'><strong>niensium</strong></span> <span class='ocrx_word' id='word_1_172' title='bbox 530 3053 642 3104; x_wconf 84' lang='lat' dir='ltr'><strong>Romam</strong></span> <span class='ocrx_word' id='word_1_173' title='bbox 652 3062 795 3116; x_wconf 80' lang='lat' dir='ltr'><strong>venerant,</strong></span> <span class='ocrx_word' id='word_1_174' title='bbox 805 3069 898 3123; x_wconf 85' lang='lat' dir='ltr'><strong>pacem</strong></span> <span class='ocrx_word' id='word_1_175' title='bbox 942 3051 1009 3103; x_wconf 89' lang='lat' dir='ltr'><strong>tium</strong></span> <span class='ocrx_word' id='word_1_176' title='bbox 1022 3049 1156 3124; x_wconf 83' lang='lat' dir='ltr'><strong>fidemque</strong></span> <span class='ocrx_word' id='word_1_177' title='bbox 1168 3049 1296 3106; x_wconf 84' lang='lat' dir='ltr'><strong>servanda</strong></span> <span class='ocrx_word' id='word_1_178' title='bbox 1307 3049 1408 3102; x_wconf 78' lang='lat' dir='ltr'><strong>statuit.</strong></span> 
     </span>
     <span class='ocr_line' id='line_1_25' title="bbox 386 3129 1458 3204; baseline -0.002 -20"><span class='ocrx_word' id='word_1_179' title='bbox 386 3149 401 3183; x_wconf 87' lang='lat' dir='ltr'><strong>a</strong></span> <span class='ocrx_word' id='word_1_180' title='bbox 415 3131 441 3184; x_wconf 89' lang='lat' dir='ltr'><strong>S.</strong></span> <span class='ocrx_word' id='word_1_181' title='bbox 452 3131 483 3185; x_wconf 84' lang='lat' dir='ltr'><strong>P.</strong></span> <span class='ocrx_word' id='word_1_182' title='bbox 497 3131 533 3197; x_wconf 90' lang='lat' dir='ltr'><strong>Q.</strong></span> <span class='ocrx_word' id='word_1_183' title='bbox 546 3133 579 3184; x_wconf 86' lang='lat' dir='ltr'><strong>R.</strong></span> <span class='ocrx_word' id='word_1_184' title='bbox 589 3143 718 3203; x_wconf 89' lang='lat' dir='ltr'><strong>petentes.</strong></span> <span class='ocrx_word' id='word_1_185' title='bbox 729 3129 810 3184; x_wconf 82' lang='lat' dir='ltr'><strong>Forte</strong></span> <span class='ocrx_word' id='word_1_186' title='bbox 823 3132 900 3184; x_wconf 87' lang='lat' dir='ltr'><strong>alter·</strong></span> <span class='ocrx_word' id='word_1_187' title='bbox 984 3131 1010 3184; x_wconf 81' lang='lat'><strong>3.</strong></span> <span class='ocrx_word' id='word_1_188' title='bbox 1024 3129 1100 3202; x_wconf 77' lang='lat' dir='ltr'><strong>Cujm</strong></span> <span class='ocrx_word' id='word_1_189' title='bbox 1113 3133 1252 3204; x_wconf 63' lang='lat' dir='ltr'><strong>anaplum</strong></span> <span class='ocrx_word' id='word_1_190' title='bbox 1267 3129 1344 3203; x_wconf 86' lang='lat' dir='ltr'><strong>Pigb.</strong></span> <span class='ocrx_word' id='word_1_191' title='bbox 1356 3141 1458 3182; x_wconf 85' lang='lat' dir='ltr'><strong>temere</strong></span> 
     </span>
     <span class='ocr_line' id='line_1_26' title="bbox 386 3207 1456 3283; baseline -0.002 -19"><span class='ocrx_word' id='word_1_192' title='bbox 386 3211 455 3264; x_wconf 89' lang='lat' dir='ltr'><strong>catio</strong></span> <span class='ocrx_word' id='word_1_193' title='bbox 463 3224 521 3264; x_wconf 84' lang='lat' dir='ltr'><strong>orta</strong></span> <span class='ocrx_word' id='word_1_194' title='bbox 531 3225 570 3266; x_wconf 85' lang='lat' dir='ltr'><strong>est</strong></span> <span class='ocrx_word' id='word_1_195' title='bbox 579 3213 649 3266; x_wconf 86' lang='lat' dir='ltr'><strong>inter</strong></span> <span class='ocrx_word' id='word_1_196' title='bbox 655 3211 753 3282; x_wconf 85' lang='lat' dir='ltr'><strong>legatos</strong></span> <span class='ocrx_word' id='word_1_197' title='bbox 761 3248 769 3278; x_wconf 90' lang='lat'><strong>,</strong></span> <span class='ocrx_word' id='word_1_198' title='bbox 776 3222 802 3263; x_wconf 88' lang='lat' dir='ltr'><strong>et</strong></span> <span class='ocrx_word' id='word_1_199' title='bbox 811 3211 899 3264; x_wconf 83' lang='lat' dir='ltr'><strong>Minu·</strong></span> <span class='ocrx_word' id='word_1_200' title='bbox 941 3207 1026 3264; x_wconf 89' lang='lat' dir='ltr'><strong>edidit</strong></span> <span class='ocrx_word' id='word_1_201' title='bbox 1035 3211 1206 3283; x_wconf 73' lang='lat' dir='ltr'><strong>hoecmmpla.</strong></span> <span class='ocrx_word' id='word_1_202' title='bbox 1216 3209 1270 3264; x_wconf 86' lang='lat' dir='ltr'><strong>Sed</strong></span> <span class='ocrx_word' id='word_1_203' title='bbox 1278 3223 1368 3264; x_wconf 84' lang='lat' dir='ltr'><strong>nostra</strong></span> <span class='ocrx_word' id='word_1_204' title='bbox 1377 3209 1456 3262; x_wconf 88' lang='lat' dir='ltr'><strong>lectio</strong></span> 
     </span>
     <span class='ocr_line' id='line_1_27' title="bbox 386 3289 1458 3364; baseline 0 -20"><span class='ocrx_word' id='word_1_205' title='bbox 386 3289 458 3344; x_wconf 86' lang='lat' dir='ltr'><strong>cium</strong></span> <span class='ocrx_word' id='word_1_206' title='bbox 478 3292 677 3362; x_wconf 80' lang='lat' dir='ltr'><strong>Manliumque,</strong></span> <span class='ocrx_word' id='word_1_207' title='bbox 697 3309 756 3362; x_wconf 77' lang='lat' dir='ltr'><strong>quse</strong></span> <span class='ocrx_word' id='word_1_208' title='bbox 769 3309 802 3343; x_wconf 90' lang='lat' dir='ltr'><strong>eo</strong></span> <span class='ocrx_word' id='word_1_209' title='bbox 814 3309 899 3362; x_wconf 85' lang='lat' dir='ltr'><strong>usque</strong></span> <span class='ocrx_word' id='word_1_210' title='bbox 941 3291 1031 3344; x_wconf 80' lang='lat' dir='ltr'><strong>verior</strong></span> <span class='ocrx_word' id='word_1_211' title='bbox 1052 3303 1079 3344; x_wconf 90' lang='lat' dir='ltr'><strong>et</strong></span> <span class='ocrx_word' id='word_1_212' title='bbox 1098 3292 1204 3346; x_wconf 86' lang='lat' dir='ltr'><strong>rectior.</strong></span> <span class='ocrx_word' id='word_1_213' title='bbox 1222 3291 1367 3364; x_wconf 85' lang='lat' dir='ltr'><strong>Superiore</strong></span> <span class='ocrx_word' id='word_1_214' title='bbox 1384 3290 1458 3344; x_wconf 83' lang='lat' dir='ltr'><strong>enim</strong></span> 
     </span>
     <span class='ocr_line' id='line_1_28' title="bbox 386 3369 1458 3443; baseline -0.003 -19"><span class='ocrx_word' id='word_1_215' title='bbox 386 3371 529 3443; x_wconf 84' lang='lat' dir='ltr'><strong>processit,</strong></span> <span class='ocrx_word' id='word_1_216' title='bbox 543 3385 574 3424; x_wconf 89' lang='lat' dir='ltr'><strong>ut</strong></span> <span class='ocrx_word' id='word_1_217' title='bbox 590 3371 619 3423; x_wconf 90' lang='lat' dir='ltr'><strong>bi</strong></span> <span class='ocrx_word' id='word_1_218' title='bbox 637 3371 735 3442; x_wconf 86' lang='lat' dir='ltr'><strong>legatos</strong></span> <span class='ocrx_word' id='word_1_219' title='bbox 752 3369 897 3443; x_wconf 84' lang='lat' dir='ltr'><strong>pulsarent.</strong></span> <span class='ocrx_word' id='word_1_220' title='bbox 941 3371 1064 3443; x_wconf 86' lang='lat' dir='ltr'><strong>exemplo</strong></span> <span class='ocrx_word' id='word_1_221' title='bbox 1082 3369 1116 3424; x_wconf 90' lang='lat' dir='ltr'><strong>de</strong></span> <span class='ocrx_word' id='word_1_222' title='bbox 1131 3375 1191 3442; x_wconf 83' lang='lat' dir='ltr'><strong>jure</strong></span> <span class='ocrx_word' id='word_1_223' title='bbox 1207 3372 1348 3443; x_wconf 84' lang='lat' dir='ltr'><strong>legationis</strong></span> <span class='ocrx_word' id='word_1_224' title='bbox 1367 3383 1458 3424; x_wconf 81' lang='lat' dir='ltr'><strong>actum</strong></span> 
     </span>
     <span class='ocr_line' id='line_1_29' title="bbox 387 3449 1458 3524; baseline 0 -20"><span class='ocrx_word' id='word_1_225' title='bbox 387 3451 455 3504; x_wconf 85' lang='lat' dir='ltr'><strong>Nam</strong></span> <span class='ocrx_word' id='word_1_226' title='bbox 473 3452 513 3504; x_wconf 88' lang='lat' dir='ltr'><strong>illi</strong></span> <span class='ocrx_word' id='word_1_227' title='bbox 531 3469 623 3522; x_wconf 85' lang='lat' dir='ltr'><strong>paoem</strong></span> <span class='ocrx_word' id='word_1_228' title='bbox 639 3451 778 3522; x_wconf 84' lang='lat' dir='ltr'><strong>petebant,</strong></span> <span class='ocrx_word' id='word_1_229' title='bbox 793 3451 822 3504; x_wconf 88' lang='lat' dir='ltr'><strong>bi</strong></span> <span class='ocrx_word' id='word_1_230' title='bbox 835 3449 900 3504; x_wconf 83' lang='lat' dir='ltr'><strong>dan·</strong></span> <span class='ocrx_word' id='word_1_231' title='bbox 942 3451 1143 3516; x_wconf 87' lang='lat' dir='ltr'><strong>erat,similiter</strong></span> <span class='ocrx_word' id='word_1_232' title='bbox 1152 3451 1197 3505; x_wconf 86' lang='lat' dir='ltr'><strong>bie</strong></span> <span class='ocrx_word' id='word_1_233' title='bbox 1206 3451 1305 3524; x_wconf 86' lang='lat' dir='ltr'><strong>legatos</strong></span> <span class='ocrx_word' id='word_1_234' title='bbox 1316 3451 1458 3504; x_wconf 74' lang='lat' dir='ltr'><strong>inviolatos</strong></span> 
     </span>
     <span class='ocr_line' id='line_1_30' title="bbox 386 3529 1457 3603; baseline -0.002 -19"><span class='ocrx_word' id='word_1_235' title='bbox 386 3529 448 3584; x_wconf 85' lang='lat' dir='ltr'><strong>dam</strong></span> <span class='ocrx_word' id='word_1_236' title='bbox 468 3551 522 3584; x_wconf 87' lang='lat' dir='ltr'><strong>esse</strong></span> <span class='ocrx_word' id='word_1_237' title='bbox 544 3533 690 3602; x_wconf 83' lang='lat' dir='ltr'><strong>negabant,</strong></span> <span class='ocrx_word' id='word_1_238' title='bbox 706 3529 805 3603; x_wconf 89' lang='lat' dir='ltr'><strong>quippe</strong></span> <span class='ocrx_word' id='word_1_239' title='bbox 821 3529 898 3584; x_wconf 76' lang='lat' dir='ltr'><strong>ludi·</strong></span> <span class='ocrx_word' id='word_1_240' title='bbox 942 3529 1043 3584; x_wconf 87' lang='lat' dir='ltr'><strong>dimisit</strong></span> <span class='ocrx_word' id='word_1_241' title='bbox 1054 3530 1201 3602; x_wconf 79' lang='lat' dir='ltr'><strong>Scipio-</strong></span> <span class='ocrx_word' id='word_1_242' title='bbox 1215 3531 1343 3603; x_wconf 73' lang='lat' dir='ltr'><strong>Sequanis.</strong></span> <span class='ocrx_word' id='word_1_243' title='bbox 1355 3533 1409 3584; x_wconf 76' lang='lat' dir='ltr'><strong>An.</strong></span> <span class='ocrx_word' id='word_1_244' title='bbox 1420 3531 1457 3582; x_wconf 89' lang='lat' dir='ltr'><strong>U.</strong></span> 
     </span>
     <span class='ocr_line' id='line_1_31' title="bbox 385 3609 1458 3683; baseline -0.002 -19"><span class='ocrx_word' id='word_1_245' title='bbox 385 3612 473 3683; x_wconf 81' lang='lat' dir='ltr'><strong>fragis.</strong></span> <span class='ocrx_word' id='word_1_246' title='bbox 487 3611 568 3676; x_wconf 91' lang='lat' dir='ltr'><strong>Quod</strong></span> <span class='ocrx_word' id='word_1_247' title='bbox 581 3611 765 3682; x_wconf 87' lang='lat' dir='ltr'><strong>ubieoguovit</strong></span> <span class='ocrx_word' id='word_1_248' title='bbox 778 3625 897 3678; x_wconf 69' lang='lat' dir='ltr'><strong>mustus,</strong></span> <span class='ocrx_word' id='word_1_249' title='bbox 944 3611 1009 3666; x_wconf 81' lang='lat'><strong>⁵50.</strong></span> <span class='ocrx_word' id='word_1_250' title='bbox 1029 3611 1086 3664; x_wconf 86' lang='lat' dir='ltr'><strong>Liv.</strong></span> <span class='ocrx_word' id='word_1_251' title='bbox 1108 3611 1203 3676; x_wconf 85' lang='lat' dir='ltr'><strong>XXX,</strong></span> <span class='ocrx_word' id='word_1_252' title='bbox 1226 3613 1271 3665; x_wconf 75' lang='lat'><strong>25.</strong></span> <span class='ocrx_word' id='word_1_253' title='bbox 1290 3609 1344 3664; x_wconf 91' lang='lat' dir='ltr'><strong>Sed</strong></span> <span class='ocrx_word' id='word_1_254' title='bbox 1364 3611 1458 3682; x_wconf 85' lang='lat' dir='ltr'><strong>paullo</strong></span> 
     </span>
     <span class='ocr_line' id='line_1_32' title="bbox 385 3688 1460 3762; baseline -0.003 -17"><span class='ocrx_word' id='word_1_255' title='bbox 385 3711 431 3745; x_wconf 88' lang='lat' dir='ltr'><strong>eos</strong></span> <span class='ocrx_word' id='word_1_256' title='bbox 451 3692 542 3762; x_wconf 84' lang='lat' dir='ltr'><strong>legatis</strong></span> <span class='ocrx_word' id='word_1_257' title='bbox 557 3689 695 3744; x_wconf 86' lang='lat' dir='ltr'><strong>dedendos</strong></span> <span class='ocrx_word' id='word_1_258' title='bbox 717 3709 772 3744; x_wconf 88' lang='lat' dir='ltr'><strong>esse</strong></span> <span class='ocrx_word' id='word_1_259' title='bbox 787 3692 897 3746; x_wconf 85' lang='lat' dir='ltr'><strong>censuit.</strong></span> <span class='ocrx_word' id='word_1_260' title='bbox 941 3691 1018 3744; x_wconf 85' lang='lat' dir='ltr'><strong>aliter</strong></span> <span class='ocrx_word' id='word_1_261' title='bbox 1032 3703 1130 3744; x_wconf 79' lang='lat' dir='ltr'><strong>namat.</strong></span> <span class='ocrx_word' id='word_1_262' title='bbox 1148 3691 1258 3744; x_wconf 84' lang='lat' dir='ltr'><strong>Factum</strong></span> <span class='ocrx_word' id='word_1_263' title='bbox 1269 3691 1323 3744; x_wconf 88' lang='lat' dir='ltr'><strong>boe</strong></span> <span class='ocrx_word' id='word_1_264' title='bbox 1339 3688 1460 3744; x_wconf 73' lang='lat' dir='ltr'><strong>secundo</strong></span> 
     </span>
     <span class='ocr_line' id='line_1_33' title="bbox 385 3769 1460 3842; baseline -0.001 -17"><span class='ocrx_word' id='word_1_265' title='bbox 385 3803 425 3814; x_wconf 90' lang='lat'><strong>—-</strong></span> <span class='ocrx_word' id='word_1_266' title='bbox 446 3771 551 3825; x_wconf 78' lang='lat' dir='ltr'><strong>Claudio</strong></span> <span class='ocrx_word' id='word_1_267' title='bbox 566 3785 679 3842; x_wconf 73' lang='lat' dir='ltr'><strong>pretore.</strong></span> <span class='ocrx_word' id='word_1_268' title='bbox 703 3771 786 3824; x_wconf 90' lang='lat' dir='ltr'><strong>Uncis</strong></span> <span class='ocrx_word' id='word_1_269' title='bbox 811 3771 898 3824; x_wconf 85' lang='lat' dir='ltr'><strong>clausa</strong></span> <span class='ocrx_word' id='word_1_270' title='bbox 941 3771 1014 3824; x_wconf 89' lang='lat' dir='ltr'><strong>bello</strong></span> <span class='ocrx_word' id='word_1_271' title='bbox 1024 3789 1089 3842; x_wconf 91' lang='lat' dir='ltr'><strong>pun.</strong></span> <span class='ocrx_word' id='word_1_272' title='bbox 1097 3769 1460 3842; x_wconf 64' lang='lat' dir='ltr'><strong>quumAfrieanussupoeioa</strong></span> 
     </span>
     <span class='ocr_line' id='line_1_34' title="bbox 385 3849 1418 3924; baseline -0.002 -20"><span class='ocrx_word' id='word_1_273' title='bbox 385 3851 473 3905; x_wconf 75' lang='lat' dir='ltr'><strong>forsan</strong></span> <span class='ocrx_word' id='word_1_274' title='bbox 489 3871 504 3904; x_wconf 89' lang='lat' dir='ltr'><strong>e</strong></span> <span class='ocrx_word' id='word_1_275' title='bbox 518 3851 681 3922; x_wconf 84' lang='lat' dir='ltr'><strong>marginibus</strong></span> <span class='ocrx_word' id='word_1_276' title='bbox 696 3851 725 3903; x_wconf 90' lang='lat' dir='ltr'><strong>in</strong></span> <span class='ocrx_word' id='word_1_277' title='bbox 743 3862 844 3904; x_wconf 86' lang='lat' dir='ltr'><strong>textum</strong></span> <span class='ocrx_word' id='word_1_278' title='bbox 861 3851 897 3904; x_wconf 88' lang='lat' dir='ltr'><strong>ir·</strong></span> <span class='ocrx_word' id='word_1_279' title='bbox 941 3863 1082 3922; x_wconf 88' lang='lat' dir='ltr'><strong>utramque</strong></span> <span class='ocrx_word' id='word_1_280' title='bbox 1095 3851 1238 3922; x_wconf 80' lang='lat' dir='ltr'><strong>subegisset</strong></span> <span class='ocrx_word' id='word_1_281' title='bbox 1251 3849 1418 3924; x_wconf 82' lang='lat' dir='ltr'><strong>Hispaniam.</strong></span> 
     </span>
     <span class='ocr_line' id='line_1_35' title="bbox 384 3931 1460 4002; baseline -0.001 -17"><span class='ocrx_word' id='word_1_282' title='bbox 384 3949 499 4002; x_wconf 88' lang='lat' dir='ltr'><strong>repsere.</strong></span> <span class='ocrx_word' id='word_1_283' title='bbox 518 3932 562 3984; x_wconf 84' lang='lat' dir='ltr'><strong>Ex</strong></span> <span class='ocrx_word' id='word_1_284' title='bbox 576 3931 655 3984; x_wconf 85' lang='lat' dir='ltr'><strong>Livio</strong></span> <span class='ocrx_word' id='word_1_285' title='bbox 671 3943 788 3992; x_wconf 84' lang='lat' dir='ltr'><strong>constat,</strong></span> <span class='ocrx_word' id='word_1_286' title='bbox 804 3931 899 3986; x_wconf 89' lang='lat' dir='ltr'><strong>Culeo·</strong></span> <span class='ocrx_word' id='word_1_287' title='bbox 983 3937 1010 3996; x_wconf 73' lang='grc'><strong>4.</strong></span> <span class='ocrx_word' id='word_1_288' title='bbox 1028 3931 1105 4002; x_wconf 80' lang='lat' dir='ltr'><strong>Opus.</strong></span> <span class='ocrx_word' id='word_1_289' title='bbox 1121 3931 1173 3984; x_wconf 77' lang='lat' dir='ltr'><strong>An.</strong></span> <span class='ocrx_word' id='word_1_290' title='bbox 1187 3931 1224 3984; x_wconf 89' lang='lat' dir='ltr'><strong>U.</strong></span> <span class='ocrx_word' id='word_1_291' title='bbox 1242 3933 1309 4002; x_wconf 72' lang='lat'><strong>487.</strong></span> <span class='ocrx_word' id='word_1_292' title='bbox 1324 3933 1460 3994; x_wconf 86' lang='lat' dir='ltr'><strong>Zonaras,</strong></span> 
     </span>
     <span class='ocr_line' id='line_1_36' title="bbox 383 4010 1461 4084; baseline 0 -22"><span class='ocrx_word' id='word_1_293' title='bbox 383 4029 446 4064; x_wconf 89' lang='lat' dir='ltr'><strong>nem</strong></span> <span class='ocrx_word' id='word_1_294' title='bbox 470 4023 534 4066; x_wconf 90' lang='lat' dir='ltr'><strong>tunc</strong></span> <span class='ocrx_word' id='word_1_295' title='bbox 558 4024 700 4082; x_wconf 74' lang='lat' dir='ltr'><strong>pretorem</strong></span> <span class='ocrx_word' id='word_1_296' title='bbox 726 4011 898 4082; x_wconf 87' lang='lat' dir='ltr'><strong>peregrinum</strong></span> <span class='ocrx_word' id='word_1_297' title='bbox 942 4011 985 4077; x_wconf 82' lang='lat' dir='ltr'><strong>n;</strong></span> <span class='ocrx_word' id='word_1_298' title='bbox 1000 4010 1058 4065; x_wconf 86' lang='lat' dir='ltr'><strong>Liv.</strong></span> <span class='ocrx_word' id='word_1_299' title='bbox 1071 4011 1133 4064; x_wconf 89' lang='lat' dir='ltr'><strong>XV.</strong></span> <span class='ocrx_word' id='word_1_300' title='bbox 1146 4011 1288 4084; x_wconf 80' lang='lat' dir='ltr'><strong>Apollonia</strong></span> <span class='ocrx_word' id='word_1_301' title='bbox 1300 4011 1385 4064; x_wconf 79' lang='lat' dir='ltr'><strong>Ionica</strong></span> <span class='ocrx_word' id='word_1_302' title='bbox 1399 4010 1461 4064; x_wconf 88' lang='lat' dir='ltr'><strong>sine</strong></span> 
     </span>
     <span class='ocr_line' id='line_1_37' title="bbox 384 4089 1462 4163; baseline 0.002 -21"><span class='ocrx_word' id='word_1_303' title='bbox 384 4091 473 4144; x_wconf 81' lang='lat' dir='ltr'><strong>luisse.</strong></span> <span class='ocrx_word' id='word_1_304' title='bbox 479 4092 595 4144; x_wconf 82' lang='lat' dir='ltr'><strong>Feciales</strong></span> <span class='ocrx_word' id='word_1_305' title='bbox 602 4105 677 4146; x_wconf 87' lang='lat' dir='ltr'><strong>erant</strong></span> <span class='ocrx_word' id='word_1_306' title='bbox 685 4089 898 4162; x_wconf 87' lang='lat' dir='ltr'><strong>sacerdotes,qui</strong></span> <span class='ocrx_word' id='word_1_307' title='bbox 942 4089 1025 4144; x_wconf 90' lang='lat' dir='ltr'><strong>dubio</strong></span> <span class='ocrx_word' id='word_1_308' title='bbox 1036 4091 1064 4144; x_wconf 95' lang='lat' dir='ltr'><strong>b.</strong></span> <span class='ocrx_word' id='word_1_309' title='bbox 1076 4091 1094 4143; x_wconf 95' lang='lat' dir='ltr'><strong>l.</strong></span> <span class='ocrx_word' id='word_1_310' title='bbox 1108 4091 1177 4144; x_wconf 87' lang='lat' dir='ltr'><strong>Sunt</strong></span> <span class='ocrx_word' id='word_1_311' title='bbox 1189 4091 1260 4144; x_wconf 89' lang='lat' dir='ltr'><strong>enim</strong></span> <span class='ocrx_word' id='word_1_312' title='bbox 1270 4093 1326 4163; x_wconf 80' lang='lat' dir='ltr'><strong>ejus</strong></span> <span class='ocrx_word' id='word_1_313' title='bbox 1339 4089 1462 4144; x_wconf 83' lang='lat' dir='ltr'><strong>nominis</strong></span> 
     </span>
     <span class='ocr_line' id='line_1_38' title="bbox 386 4167 1463 4244; baseline 0.002 -22"><span class='ocrx_word' id='word_1_314' title='bbox 386 4167 532 4224; x_wconf 67' lang='lat' dir='ltr'><strong>sudoribus</strong></span> <span class='ocrx_word' id='word_1_315' title='bbox 543 4171 803 4240; x_wconf 82' lang='lat' dir='ltr'><strong>feriendis,etbellis</strong></span> <span class='ocrx_word' id='word_1_316' title='bbox 814 4171 898 4242; x_wconf 87' lang='lat' dir='ltr'><strong>legiti-</strong></span> <span class='ocrx_word' id='word_1_317' title='bbox 943 4171 1022 4224; x_wconf 88' lang='lat' dir='ltr'><strong>urbes</strong></span> <span class='ocrx_word' id='word_1_318' title='bbox 1043 4171 1071 4224; x_wconf 92' lang='lat' dir='ltr'><strong>in</strong></span> <span class='ocrx_word' id='word_1_319' title='bbox 1097 4169 1190 4234; x_wconf 85' lang='lat' dir='ltr'><strong>Creta,</strong></span> <span class='ocrx_word' id='word_1_320' title='bbox 1213 4171 1304 4244; x_wconf 80' lang='lat' dir='ltr'><strong>Syria,</strong></span> <span class='ocrx_word' id='word_1_321' title='bbox 1325 4169 1463 4236; x_wconf 84' lang='lat' dir='ltr'><strong>Thracia,</strong></span> 
     </span>
     <span class='ocr_line' id='line_1_39' title="bbox 389 4249 1218 4322; baseline 0 -18"><span class='ocrx_word' id='word_1_322' title='bbox 389 4270 431 4304; x_wconf 89' lang='lat' dir='ltr'><strong>me</strong></span> <span class='ocrx_word' id='word_1_323' title='bbox 456 4249 606 4304; x_wconf 86' lang='lat' dir='ltr'><strong>indicendis</strong></span> <span class='ocrx_word' id='word_1_324' title='bbox 621 4263 757 4322; x_wconf 71' lang='lat' dir='ltr'><strong>preerant.</strong></span> <span class='ocrx_word' id='word_1_325' title='bbox 774 4250 835 4304; x_wconf 88' lang='lat' dir='ltr'><strong>Non</strong></span> <span class='ocrx_word' id='word_1_326' title='bbox 857 4269 900 4304; x_wconf 90' lang='lat' dir='ltr'><strong>re·</strong></span> <span class='ocrx_word' id='word_1_327' title='bbox 944 4251 1067 4321; x_wconf 85' lang='lat' dir='ltr'><strong>Illyrico,</strong></span> <span class='ocrx_word' id='word_1_328' title='bbox 1082 4264 1109 4305; x_wconf 90' lang='lat' dir='ltr'><strong>et</strong></span> <span class='ocrx_word' id='word_1_329' title='bbox 1125 4251 1218 4304; x_wconf 86' lang='lat' dir='ltr'><strong>Ponto.</strong></span> 
     </span>
    </p>
   </div>
   <div class='ocr_carea' id='block_1_4' title="bbox 0 0 1588 5124">
    <p class='ocr_par' dir='ltr' id='par_1_8' title="bbox 0 0 1588 5124">
     <span class='ocr_line' id='line_1_40' title="bbox 0 0 1588 5124; baseline 0 0"><span class='ocrx_word' id='word_1_330' title='bbox 0 0 1588 5124; x_wconf 95' lang='lat' dir='ltr'><strong> </strong></span> 
     </span>
    </p>
   </div>
  </div>
 </body>
</html>
