3168 5124
301 507 408 576 CAP.
436 505 511 592 VI,
537 505 607 574 DE
634 507 759 574 PIET.
788 505 933 576 ERGA
959 507 1093 578 PATR.
1149 505 1223 605 395

158 639 246 735 jutia
266 640 379 734 patriae
401 639 633 733 imperatorem
655 641 828 708 Persarum
850 640 990 726 fecerat,
1013 655 1051 710 ut
1070 665 1105 727 ee
1122 641 1164 711 ab
1187 668 1226 713 ea

162 746 385 842 oppugnanda
405 745 599 834 abstineret,
614 747 765 816 instituto
782 745 960 834 sacrificio,
976 763 1151 844 exceptum
1167 773 1225 844 pa·

162 868 232 922 tera
254 855 340 922 tauri
361 854 555 948 sanguinem
574 853 703 940 hausit,
721 868 755 922 et
773 868 849 923 ante
870 854 976 948 ipsam'
997 879 1110 942 aram,
1133 858 1226 950 quasi

161 959 311 1055 quaedam
346 960 478 1030 Pietatis
510 958 599 1029 clara
629 959 763 1028 victima
796 960 970 1029 concidit:
992 987 1058 1056 quo
1091 963 1224 1056 quidem

160 1081 230 1136 tam
250 1065 455 1137 memorabili
475 1066 545 1160 ejus
568 1091 719 1153 excessu,
740 1091 783 1135 ne
806 1069 944 1137 Gracia
962 1065 1065 1137 altero
1087 1069 1225 1138 Themi-

162 1173 264 1243 stocle
284 1199 368 1270 opus
385 1187 490 1260 esset,
511 1173 669 1242 ellectum
690 1171 775 1243 est¹.

217 1311 250 1393 4.
279 1309 432 1438 Sequitur
452 1305 598 1401 ejusdem
622 1307 750 1400 generis
770 1301 997 1399 exemplum²t
1015 1329 1118 1399 quum
1139 1309 1226 1376 inter

163 1399 415 1509 Carthaginem³
432 1428 465 1482 et
482 1416 629 1507 Cyrenas
648 1411 689 1480 de
707 1411 855 1505 margine
876 1411 946 1505 agri
965 1412 1225 1506 pertinacissima

162 1524 330 1590 contentio
348 1535 451 1606 esset
465 1518 507 1587 ad
525 1517 676 1588 ultimum
696 1516 820 1612 placuit
836 1519 992 1612 utrinque
1012 1517 1128 1586 eodem
1142 1533 1224 1588 tern-

162 1652 243 1720 pore
263 1628 401 1720 juvenes
427 1626 527 1708 mitti,
552 1639 586 1694 et
607 1622 767 1710 locum,
759 1649 792 1692 ιιι
811 1647 909 1718 quem
931 1625 953 1692 ii
976 1625 1225 1714 convenissent,

163 1732 263 1800 finem
287 1732 448 1800 ambobus
468 1731 581 1800 haberi
603 1731 753 1826 populis3
768 1755 884 1799 verum
903 1729 968 1800 hoc
988 1745 1124 1826 pactum
1143 1731 1224 1800 Car·

163 1839 416 1974 thaginiepsium
429 1837 496 1906 duo
510 1837 627 1907 fratres
640 1840 774 1907 nomine
787 1835 939 1924 Philaeni,
949 1837 1086 1932 perfidia
1097 1861 1223 1956 praecu-

164 1931 316 2012 currere⁴
318 1945 421 2028 ‚citra
436 1947 647 2014 constitutam
662 1945 778 2014 horam
795 1959 961 2012 maturato
975 1969 1088 2040 gressu
1103 1945 1136 2010 in
1152 1942 1224 2012 lon·

164 2051 237 2144 gius
254 2053 413 2145 promotis
425 2053 587 2120 terminis:
597 2051 686 2146 quod
696 2075 799 2146 quum
815 2049 1223 2146 intellexissentCyrenen·

163 2157 246 2224 sium
269 2157 428 2251 juvenes,
453 2157 510 2227 diu
535 2159 576 2227 de
604 2157 732 2227 fallacia
760 2183 877 2226 eorum
904 2159 1032 2251 questi,
1055 2171 1224 2286 postremo

163 2265 342 2333 acerbitate
368 2265 600 2334 conditionis
592 2265 744 2358 injuriam
776 2263 939 2333 discutere
969 2265 1078 2334 conati
1110 2247 1224 2350 sunt⁵3

164 2368 317 2439 dixerunt
335 2395 491 2466 namque,
506 2377 556 2441 sic
573 2372 796 2501 eruufinem
790 2386 903 2440 ranam
910 2371 1014 2473 fore,
1029 2395 1060 2440 st
1057 2315 1228 2440 'Plu'loeni

163 2481 258 2546 vivos
283 2501 321 2546 se
349 2477 398 2547 tbi
422 2477 521 2548 obrtu¹
535 2485 641 2575 passi
666 2462 818 2564 σκοπιᾶς
838 2478 896 2547 sed
922 2476 1057 2547 consilio
1086 2491 1224 2546 eventus

163 2607 232 2651 non
251 2583 435 2679 respondit3
452 2584 498 2655 illi
515 2588 621 2674 euim,
635 2585 749 2656 nulla
741 2586 933 2680 interposita
951 2609 1044 2654 mora
1052 2607 1225 2680 ,corpora

162 2774 322 2848 desperaret·
333 2779 372 2831 De
380 2783 496 2848 sanguine
505 2783 600 2832 taurino
610 2799 672 2834 con·
715 2777 858 2851 legendum
869 2796 1031 2848 preconem
1047 2788 1073 2829 at
1089 2775 1165 2828 MSS.
1177 2775 1225 2827 lir-

162 2856 250 2910 firmat
265 2871 291 2911 et
306 2857 375 2912 Plin.
391 2859 531 2928 XXVIII,
547 2879 581 2929 9,
597 2858 670 2931 quod
714 2857 1225 2926 mantnostmmlectionem‚actempus

162 2954 253 2990 recens
266 2938 334 2990 iuter
347 2957 447 2992 venena
463 2940 504 2992 ait.
714 2939 879 3011 praeteritum
894 2936 931 2988 sic
945 2953 1051 3006 quoque
1067 2933 1138 3005 apud
1159 2934 1223 2986 scri·

207 3034 231 3067 ι.
254 3017 360 3084 Quo.....
377 3031 420 3070 est.
435 3019 522 3084 Quia,
536 3019 559 3072 si
579 3017 671 3071 Persas
714 3031 805 3089 pterea
822 3015 947 3078 formari,
965 3015 993 3066 in
1009 3014 1103 3084 vulgus
1118 3025 1221 3066 notum.

164 3092 280 3146 duxisset
290 3095 318 3146 in
328 3096 474 3160 Graeciam,
487 3099 595 3152 Athenae
607 3099 671 3151 alte·
715 3130 756 3140 -·
770 3098 898 3150 Maturate
910 3113 1000 3164 gressu.
1016 3095 1058 3146 Sic
1072 3105 1223 3146 constanter

164 3193 224 3226 rum
246 3173 450 3228 'l'hemietoclem
465 3175 671 3244 desiderassent,
714 3177 813 3230 habeut
826 3193 918 3228 omnes
928 3174 1019 3246 scripti
1033 3171 1144 3226 codices.
1153 3173 1221 3225 Tor·

164 3253 211 3326 qui
226 3251 378 3307 devinceret
393 3255 491 3310 Persas.
714 3257 804 3310 reniae
810 3256 884 3308 malit
890 3273 993 3325 egressu,
1001 3252 1074 3325 quod
1082 3250 1223 3324 perfidiose

207 3352 232 3386 ι.
253 3333 366 3406 Sequitur
376 3373 432 3388 ......
448 3336 586 3406 exemplum.
603 3335 668 3390 vid.
714 3350 775 3390 aute
795 3349 899 3407 tempus
919 3333 1139 3388 constitutumex
1155 3333 1223 3384 urbe

165 3411 226 3466 Sall.
240 3413 268 3466 in
276 3415 306 3467 B.
316 3415 409 3486 lupe.
419 3433 455 3486 79
465 3435 507 3486 3p.
523 3417 592 3480 268,
604 3413 668 3471 edit.
714 3417 797 3487 egredi
811 3427 972 3468 maturarunt.

166 3505 276 3558 noetrae;
288 3495 451 3567 Pomponius
463 3495 549 3559 Mela,
560 3495 588 3560 1,
604 3513 630 3566 7.
756 3497 782 3550 5.
805 3496 928 3567 Quodm..
943 3505 1011 3554 ,erma
1031 3491 1141 3564 Opinati
1160 3503 1223 3544 sant

207 3572 234 3625 3.
256 3571 433 3644 Carthaginem.
456 3574 584 3627 Nonnulli
608 3575 670 3627 ear-
714 3577 892 3647 Cyrenenses,
910 3575 932 3627 si
953 3570 1133 3626 conditionem
1156 3571 1223 3624 Car-

166 3653 334 3720 thaginienses.
342 3687 381 3696 -
391 3656 512 3725 Margine.
528 3655 670 3709 Terminis.
714 3656 922 3728 thaginiensibus
933 3651 1101 3706 durissimam
1109 3653 1222 3716 ferrent,

165 3731 233 3786 Cotl.
250 3734 318 3786 Dan.
332 3753 423 3803 magro.
444 3737 600 3788 monstrose.
615 3735 670 3788 nti·
713 3755 758 3789 eos
771 3735 882 3807 epactis
897 3733 1051 3788 resulturos.

166 3825 229 3882 quot
244 3812 319 3867 MSS.
335 3815 465 3866 modo.-
490 3815 612 3888 Utrinque.
628 3814 671 3868 Sic
755 3819 781 3868 6.
803 3815 893 3868 δι’...
898 3825 1016 3866 ...essent
1029 3809 1126 3878 Quod,
1139 3829 1223 3882 quum

166 3893 285 3965 plerique
296 3893 374 3947 codd
391 3895 465 3948 MSS.
482 3908 508 3948 et
523 3893 583 3948 edd.
598 3895 669 3966 Meg.
713 3895 812 3948 lactum
834 3905 916 3958 esset,
930 3893 959 3946 in
979 3911 1071 3946 eorum
1091 3891 1222 3946 honorem

167 3971 235 4024 Ven
251 3987 276 4026 et
289 3973 398 4028 Mediot.
411 3973 494 4028 Aldus
505 3993 670 4047 eumquese
713 3975 750 4027 ibi
765 3974 857 4047 positu
872 3985 933 4027 sunt
949 3991 999 4026 arte
1008 3969 1236 4045 ,qumal‘hiloe-

167 4052 383 4122 quntidedernnt
399 4059 502 4128 utrique,
516 4055 616 4109 civitati
630 4055 669 4107 ιί-
713 4055 755 4108 nis
776 4054 901 4108 fratribus
916 4069 1014 4106 nomen
1033 4065 1140 4106 traxere.
1155 4046 1220 4102 Vid

167 4127 262 4184 delicet
274 4135 439 4206 Carthaginis
454 4149 479 4189 et
496 4137 668 4206 Cyrenarum.
713 4133 817 4188 Sallust.
827 4127 1220 4206 bell.1ugurth.cap.79;·Plin.

209 4217 234 4274 4.
252 4213 437 4268 Proecucurrere.
455 4216 565 4270 Colerus
580 4227 671 4268 monet
713 4215 793 4283 Ὑ,4;
786 4214 891 4268 ·sottn.
904 4232 927 4268 c.
944 4213 989 4268 30.
