3196 5122
406 535 474 607 182
583 537 807 604 VALERII
841 537 1048 604 MAXIM!
1083 537 1178 604 LIB.
1215 537 1289 604 ΙΙΙ.

399 667 591 754 aedificasse,
602 683 862 762 consumptaque
879 669 913 736 in
934 667 967 735 id
982 691 1066 761 opus
1082 668 1206 761 ingenti
1222 669 1377 762 pecunia,
1391 693 1456 736 non

399 775 566 859 invenire,
584 798 651 868 qno
673 787 771 867 pacto
789 775 958 844 ministerii
983 775 1144 842 rationem
1166 773 1338 861 redderet,
1361 787 1456 867 atque

400 879 474 949 ideo
492 877 675 948 conflictari
692 905 698 946 :
713 881 849 974 «Ergo,
865 909 882 944 n
904 881 1026 972 inquit,
1042 903 1178 972 oquaere
1197 882 1323 974 potius,
1341 904 1455 973 quem-

401 984 579 1054 admodum
594 987 755 1054 rationem
771 1010 839 1054 non
858 983 982 1054 reddas.
1000 1015 1015 1048 n
1037 987 1153 1078 Itaque
1169 987 1220 1054 vir
1240 983 1456 1079 amplissimus

401 1105 499 1184 atque
518 1091 808 1186 prudentissimus,
822 1115 882 1160 suo
898 1089 1034 1160 consilio
1052 1090 1217 1175 defectus,
1233 1090 1366 1184 puerili¹
1381 1115 1455 1159 usus

403 1211 468 1284 est,
486 1211 583 1290 atque
602 1197 634 1264 id
649 1198 734 1292 egit,
751 1211 788 1265 ut
803 1197 1017 1266 Athenienses
1039 1195 1179 1266 finitimo
1197 1195 1354 1291 implicati
1373 1195 1454 1265 hello

403 1303 585 1372 rationibus
606 1301 772 1398 exigendis
792 1328 860 1372 non
874 1317 1037 1372 vacarent.
1062 1301 1126 1372 Sed
1147 1302 1289 1370 viderint
1304 1303 1455 1388 Athenae,

402 1423 514 1478 utrum
536 1406 755 1478 Alcibiadem²
769 1407 1004 1496 lamententur,
1023 1433 1066 1476 an
1083 1407 1285 1502 glorientur:
1305 1410 1455 1502 quoniam

403 1513 511 1583 adhuc
534 1517 620 1583 inter
640 1515 894 1584 exsecrationem
918 1513 1060 1584 hominis
1080 1529 1114 1584 et
1132 1514 1381 1584 admirationem
1399 1513 1454 1582 du·

403 1619 459 1690 hio
477 1622 595 1690 mentis
606 1619 731 1712 judicio
748 1620 927 1690 fluctuatur
935 1605 956 1687 ³.

404 1813 483 1876 etiem
494 1821 643 1874 Demetrius
656 1821 796 1874 Phalereus
810 1821 912 1894 vitupe-
955 1819 1001 1874 sed
1019 1820 1041 1874 is
1061 1819 1228 1892 pronominis
1241 1821 1309 1885 erit,
1327 1832 1373 1872 aut
1389 1817 1454 1890 adje-

404 1903 472 1956 rasit
487 1901 635 1964 Periclem,
651 1899 723 1972 qnod
746 1913 845 1953 tantam
865 1921 911 1973 pe·
955 1901 1034 1962 otini,
1055 1912 1084 1952 ut
1100 1900 1159 1959 hoc,
1173 1899 1236 1950 illud
1248 1900 1364 1970 glaream,
1385 1899 1454 1950 multe

405 1981 509 2036 cuniam
532 1981 559 2034 in
579 1981 702 2052 praeclara
721 1981 769 2034 ista
787 1982 911 2050 propylaea
953 1982 1065 2048 planari.
1088 1979 1188 2033 Contra
1211 1980 1305 2032 vitiose
1327 1977 1453 2032 diceretur

405 2061 556 2134 projecerit.
572 2059 637 2114 vid.
659 2061 715 2113 Cic.
732 2059 801 2112 offic.
822 2061 857 2112 11.
880 2061 911 2112 ln
955 2057 1455 2130 v.c.1loraaqloriaturCiceruaem,Atle·

407 2159 466 2194 arce
477 2139 640 2192 Athenarum
654 2139 782 2210 templum
792 2152 848 2192 erat
860 2139 912 2192 Mi·
956 2159 994 2192 rroe
1011 2139 1198 2190 Demosthenen.

407 2238 510 2285 nervas,
533 2231 562 2271 nt
583 2221 611 2271 in
628 2219 760 2290 Capitolio
775 2219 856 2271 Joris.
997 2218 1025 2270 3.
1051 2219 1204 2271 Flectuntur.
1227 2217 1286 2270 Non
1308 2219 1455 2288 fluctuantur

450 2297 911 2368 1.Puerilt'.Aliipseeri,·aliipseerrin.
956 2295 1028 2368 quod
1042 2298 1118 2368 Pigh.
1135 2297 1241 2362 maluit3
1258 2315 1318 2348 nam
1325 2297 1457 2367 flaccum

408 2409 448 2422 -
465 2377 587 2429 Finitima.
604 2376 834 2448 Peloponnesiaco.
956 2377 1166 2448 impersonaliter
1178 2375 1287 2430 dictum.
1304 2377 1401 2438 Causa,
1412 2393 1456 2427 cur

450 2475 475 2508 a.
490 2456 649 2508 Alcibiadem.
660 2455 741 2508 Casus
753 2469 861 2526 quartus
871 2475 913 2510 re·
957 2454 1171 2510 interAlcibiadis
1178 2457 1380 2510 exsecrationem
1388 2452 1455 2506 etad·

408 2535 593 2606 pituraverbo
610 2535 731 2605 proximo
745 2536 915 2604 lamenteatru,
956 2535 1123 2608 mirationem
1146 2534 1228 2590 dubio
1247 2537 1341 2588 mentis
1359 2531 1455 2606 jndicio

407 2614 480 2667 nulla
494 2614 567 2667 verbi
583 2615 713 2685 sequentis
724 2615 858 2683 gonorus
869 2615 914 2668 ha·
957 2613 1079 2670 fluctuari
1091 2614 1168 2680 dicit,
1179 2617 1234 2668 haec
1245 2627 1297 2680 est,
1306 2613 1382 2688 quod,
1396 2625 1456 2666 teste

406 2692 461 2746 hita
474 2693 584 2748 ratione.
598 2693 694 2746 Statuit
708 2692 911 2766 quidemVorst.
957 2694 1079 2766 Nepote,
1099 2695 1161 2747 nihil
1181 2696 1224 2748 tuo
1233 2697 1287 2763 snit
1311 2694 1454 2746 excellentias

405 2773 509 2842 ‘tonare'
521 2791 582 2828 cum
597 2785 691 2845 quarto
706 2791 767 2828 casta
782 2774 912 2845 reperiri,
951 2776 993 2826 vel
1002 2778 1027 2826 irs
1039 2778 1120 2834 vitiis,
1135 2775 1176 2828 vel
1187 2779 1212 2828 in
1227 2774 1366 2828 virtutibus.
