3184 5132
201 557 203 562 .
254 519 360 588 car.
389 515 466 601 vr,
493 515 563 587 ou
590 516 815 584 exurar.
844 515 1034 584 susara.
1113 541 1181 612 ιη

112 674 258 745 quorum
271 648 380 718 adhuc
392 671 496 716 unum
513 648 547 716 in
562 644 707 730 Palatio,
730 645 869 718 alterum
891 647 926 716 iu
946 644 1040 717 area¹
1058 647 1185 716 Maria-

116 781 238 826 norum
269 769 581 840 monumentum,
613 755 746 820 tertium
776 755 810 823 in
825 759 966 822 'summa
993 767 1088 848 parte
1111 755 1186 822 Vici

117 863 227 956 Longi
245 875 364 948 exstat,
377 863 411 931 in
429 884 532 954 eaque
551 857 712 946 remedia,
724 883 796 952 quac
815 859 1008 954 corporibus
1021 885 1186 954 aegrorum

118 969 248 1038 adnexa
268 968 418 1050 fuerant,
447 965 692 1038 deferebantur.
716 968 795 1034 Haec
820 965 862 1034 ad
891 966 1043 1036 humanae
1066 969 1187 1034 mentis

119 1089 218 1146 aestus
240 1073 407 1144 leniendos
423 1098 499 1142 cum
521 1071 630 1166 aliqua
652 1096 730 1142 usus
751 1073 879 1142 ratione
894 1074 1077 1166 excogitata
1096 1098 1103 1140 :
1125 1097 1187 1142 cm·

121 1196 231 1253 terum
255 1179 479 1250 salubritatem
508 1203 601 1249 suam
622 1177 791 1248 industriae
813 1179 993 1247 certissimo
1011 1203 1050 1246 ac
1068 1177 1188 1247 fidelis·

121 1290 208 1356 simo
230 1288 434 1355 munimento
456 1285 652 1371 urebantur3
674 1283 834 1378 bonaeque
855 1283 1050 1354 valetudinis
1072 1309 1188 1353 uorum

122 1395 217 1486 quasi
244 1391 393 1486 quaedam
420 1405 526 1461 mator
548 1405 620 1462 erat
645 1389 832 1484 frugalitas,
859 1391 991 1460 inimica
1016 1389 1189 1460 luxuriosis

121 1499 250 1593 epulis,
269 1512 302 1566 et
321 1497 427 1568 aliena
448 1499 555 1568 nimiae
573 1498 642 1566 vini
659 1496 888 1582 abundantiae,
910 1511 944 1566 et
965 1497 1007 1564 als
1035 1495 1190 1565 immode-

123 1619 197 1674 rato
219 1607 360 1674 Veneris
378 1629 440 1674 usu
462 1627 587 1674 aversa.

477 1794 711 1884 CAPUT
753 1794 835 1880 VI.

453 1988 508 2054 De
528 1992 678 2054 exterm's
700 1988 877 2054 Institutio.

128 2163 150 2191 ι.
165 2147 332 2206 Spartanorum
344 2141 499 2202 frugalitas-
507 2156 528 2188 a.
542 2143 595 2188 Mos
608 2140 714 2188 militaris
726 2139 935 2186 eorumdem—3.
943 2141 1120 2188 Atheniensium
1132 2145 1198 2190 insti·

160 2233 238 2268 tutum
251 2231 331 2267 contra
344 2223 430 2266 otiosos
442 2232 465 2266 et
476 2222 567 2265 inertes.
578 2245 609 2255 -
620 2227 643 2274 4.
656 2222 791 2282 areopagus
801 2219 975 2266 eorumdem—
985 2221 1005 2268 5.
1018 2223 1097 2268 Honos
1106 2223 1197 2270 virtutis

158 2291 223 2364 apud
237 2301 338 2347 eosdem.
350 2297 411 2345 -6.
423 2299 500 2346 Animi
510 2299 594 2360 ingrati
605 2299 665 2346 actio
676 2298 739 2360 apud
751 2297 853 2345 eosdem.
866 2325 897 2334 -
909 2315 931 2359 7.
943 2299 1120 2348 Massiliensium
1131 2303 1197 2349 iusti·

158 2393 210 2428 tuta
231 2382 300 2426 varia.
318 2407 348 2415 -
374 2382 397 2426 8.
417 2380 525 2426 Ceiorum
545 2395 659 2425 venenum
679 2380 809 2440 publicum.
830 2405 861 2414 —
876 2395 899 2440 9.
917 2380 1095 2426 Massiliensium
1112 2383 1150 2427 lex
1167 2383 1196 2428 de

160 2461 256 2508 advenis
269 2460 403 2506 κακὼ.-
414 2473 448 2504 ιο.
461 2457 582 2504 Gallorum
592 2458 679 2502 mosia
691 2467 776 2503 mutuo
788 2455 905 2502 dando—
917 2472 952 2503 ιι.
965 2457 1111 2504 Cimbrorum
1124 2459 1196 2506 Celti-

158 2542 317 2601 berormnqus
329 2553 380 2584 mos
391 2539 415 2582 ia
425 2536 537 2582 adeundis
548 2537 642 2597 preliis.
653 2561 684 2570 —
696 2549 732 2580 ra.
744 2535 860 2582 Thracum
871 2537 950 2597 opinio
959 2535 988 2582 de
997 2538 1049 2584 vitre
1060 2540 1196 2588 calamitate.

157 2645 191 2656 -
204 2621 240 2667 13.
251 2620 376 2678 Lyciorum
392 2617 476 2663 luctus.
494 2641 525 2652 -
545 2623 578 2670 ¹4·
596 2617 705 2662 ludar-nm
721 2613 859 2662 seminarum
876 2615 935 2662 lidus
949 2633 1014 2663 amor
1028 2635 1082 2680 erga
1095 2622 1196 2668 maritos.

159 2700 241 2745 -15.
257 2699 395 2744 Pnnicsrnm
409 2695 546 2742 feminarum
563 2695 705 2756 prostitutio.
718 2719 747 2730 -
767 2695 802 2741 ιδ.
819 2697 940 2742 Persarum
956 2697 1087 2744 institutum
1101 2699 1125 2744 in
1139 2700 1197 2745 edn-

159 2777 239 2824 caudis
250 2777 338 2822 liberis.
350 2801 381 2810 -
395 2791 432 2836 ¹7·
445 2773 597 2820 Numidarum
609 2789 690 2836 regum
702 2789 752 2818 mos
763 2773 787 2819 in
799 2775 935 2822 auctoritate
947 2777 1064 2822 servanda.

190 2937 218 2982 1.
236 2912 329 2980 Idem
352 2913 452 2980 sensit
474 2911 624 3005 proxima
648 2911 812 3002 majorum
831 2925 1021 2978 nostrorum
1043 2915 1194 3005 gravitati

130 3033 285 3116 spartana
298 3015 445 3102 civitas¹,
460 3041 532 3112 quae
550 3017 762 3085 severissimis
772 3017 917 3110 Lycurgi
934 3013 1060 3111 legibus
1073 3018 1195 3088 obtem-

129 3224 158 3264 ct
177 3209 234 3263 Cic.
254 3207 288 3261 de
303 3209 337 3261 N.
357 3210 390 3262 D.
406 3208 465 3274 111,
484 3207 529 3260 s5.
543 3207 641 3262 AElian.
685 3219 746 3278 post
766 3203 873 3277 tergum
894 3208 1036 3277 revinctis,
1056 3210 1084 3262 in
1111 3211 1192 3264 altero

130 3291 200 3343 Var.
220 3287 281 3340 hist.
299 3289 368 3351 ΧΠ,
386 3305 433 3350 ¹¹3
452 3288 592 3358 Angustia.
608 3285 643 3340 de
686 3305 749 3340 vero
764 3288 836 3340 varia
848 3287 909 3342 belli
922 3289 1095 3345 instrumenta
1108 3288 1194 3342 adhuc

116 3363 195 3424 'Cim
215 3368 248 3418 D.
268 3367 313 3432 11,
332 3373 383 3430 πᾶς
402 3367 522 3418 Laetam.
541 3367 571 3430 I,
593 3384 643 3433 so,
686 3379 840 3420 cernuntur.
860 3400 901 3412 -
921 3369 979 3421 Vici
1001 3370 1088 3438 Longi.
1111 3369 1193 3439 Cujus

135 3464 193 3519 ¹73
210 3445 309 3498 Minue.
322 3445 376 3497 Fel.
387 3445 475 3497 XXV.
686 3446 848 3498 mentionem
861 3447 923 3500 facit
936 3448 995 3502 Liv.
1009 3449 1048 3510 X,
1068 3448 1113 3500 23.

181 3544 205 3578 r.
223 3526 254 3578 In
268 3524 508 3576 areaMariaaormu.
527 3514 645 3594 Troploeri
730 3545 755 3578 a.
773 3525 895 3596 Spartana
916 3531 1009 3578 civitas.
1035 3527 1114 3581 Nulla
1132 3545 1193 3579 sane

133 3606 216 3660 Marii
234 3603 361 3656 cimbrico
373 3604 444 3655 bello
457 3616 645 3674 parta,qutsa
688 3605 794 3666 civitas,
814 3619 943 3676 quantum
963 3604 1099 3670 novimus,
1124 3607 1194 3660 cives

133 3685 209 3758 Sylla
224 3682 347 3754 disjecta,
362 3693 389 3734 et
404 3683 505 3736 Caesare
517 3681 646 3736 dictatore
688 3684 769 3754 magis
781 3684 892 3738 luxtsries
912 3697 1105 3755 contemptores
1117 3698 1142 3738 et
1155 3687 1192 3740 ls-

134 3765 281 3818 instaurata
297 3781 366 3824 esse,
382 3776 570 3816 commemorat
582 3762 645 3816 Sue·
687 3762 761 3816 boris
782 3764 952 3833 patientiores
975 3763 1077 3829 etfacit:
1092 3765 1143 3824 sic,
1164 3779 1194 3820 ut

135 3857 205 3908 tom,
213 3862 228 3895 a
236 3841 328 3896 dextra
337 3843 387 3895 visa
397 3842 562 3896 Praenestinse
570 3879 577 3904 ‚
585 3861 647 3914 pro·
688 3856 715 3896 et
729 3843 876 3914 virginibus
886 3843 1011 3914 palestra
1019 3844 1106 3916 pulvis
1114 3857 1141 3900 et
1152 3865 1193 3898 ve·

135 3943 171 3996 pe
186 3925 220 3976 D.
236 3923 252 3974 J
255 3923 336 3976 uliani
351 3920 435 3975 edem
455 3934 565 3976 exstem.
581 3922 647 3986 Qua
688 3923 789 3976 nasicas
803 3923 878 3976 labor
890 3923 1014 3993 placeret,
1028 3923 1071 3976 Sic
1084 3941 1131 3995 per
1143 3925 1195 3998 Ly·

137 4003 258 4076 quamvis
272 4003 502 4067 mutilata,tsmen
510 4001 646 4054 hornmin
690 4001 1010 4073 curgumassuelacti,diu
1018 4003 1196 4075 principatum

136 4083 221 4136 altero
235 4082 329 4136 tlrorax
339 4102 400 4136 cum
410 4081 648 4154 clypeis,jureuis·
690 4093 832 4136 tenuerunt
845 4103 854 4148 ;
870 4096 897 4136 at
908 4101 956 4154 per
968 4081 1136 4154 Lysandrum
1150 4081 1196 4135 de-

137 4180 190 4232 que
214 4163 311 4234 captiri
336 4162 506 4244 simulacrum
532 4161 646 4218 brachiis
689 4163 919 4232 pracati,virihus
930 4164 1067 4236 paullatim
1082 4161 1197 4220 suntda-
