3190 5122
257 511 359 582 CAP.
387 509 464 594 ΙΙΙ,
491 510 558 577 DE
585 508 772 576 ABSTIN.
801 509 863 575 ET
891 507 1093 578 CONTIN.
1157 509 1227 582 283

167 640 371 712 deverticula
395 655 499 710 erant.
530 641 638 734 Atque
659 639 693 708 id
715 641 885 709 Munatius
908 639 1047 726 Rufius',
1072 643 1231 736 cypriacae

168 748 385 844 expeditionis
406 746 492 816 fidus
514 771 645 834 comes,
676 747 805 840 scriptis
834 747 900 815 suis
929 747 1100 840 siguificat.
1128 749 1232 842 Cujus

169 857 392 924 testimonium
406 879 474 922 nou
487 852 679 948 amplector.
694 854 833 946 Proprio
848 853 935 922 enim
953 869 1149 948 argumento
1161 853 1232 924 laus

167 961 231 1030 iste
259 963 376 1030 nititur
398 985 405 1028 :
426 961 582 1054 quoniam
605 983 646 1028 cx
668 959 785 1028 codem
805 973 931 1028 naturae
953 974 1050 1030 utero
1071 975 1105 1029 et
1122 963 1232 1032 conti·

168 1069 281 1137 nentia
300 1081 377 1135 nata
398 1081 464 1154 est,
481 1080 514 1134 et
530 1069 623 1136 Cato.

224 1189 258 1261 3.
282 1193 431 1260 Drusum
452 1191 551 1259 etiam
570 1190 807 1260 Germanicum
814 1187 837 1277 ²,
854 1191 1006 1258 eximiam
1021 1190 1166 1261 Claudiae
1180 1191 1232 1260 fa-

170 1294 267 1367 miliae
289 1295 450 1391 gloriam,
478 1298 657 1391 patrioequc
683 1319 797 1365 rarum
815 1311 1063 1383 omnmentum,
1083 1311 1116 1365 et
1142 1297 1233 1391 quod

172 1427 272 1497 super
300 1406 410 1472 omnia
437 1417 503 1488 est,
534 1427 674 1496 operum
699 1427 852 1488 suorum,
882 1427 944 1497 pro
971 1402 1086 1470 habitu
1113 1405 1232 1492 etatis,

172 1508 396 1603 magnitudine
424 1509 543 1578 vitrico
571 1510 695 1602 pariter
721 1530 760 1578 uc
785 1507 878 1576 fratri
906 1509 1077 1603 Augustis,
1103 1507 1232 1578 duobus

171 1613 360 1711 reipublicae
375 1615 494 1684 divinis
508 1612 630 1700 oculis,
650 1613 788 1683 mirifice
800 1613 1072 1710 respondentem,
1088 1616 1234 1684 constitit

171 1747 270 1791 usum
282 1721 422 1789 Veneris
443 1723 530 1789 intra
552 1721 699 1815 conjugis
717 1722 887 1790 caritatem
909 1719 1056 1790 clausum
1079 1722 1233 1790 tenuisse.

172 1828 316 1896 Antonia
329 1851 479 1922 quoque,
491 1826 612 1896 femina
625 1825 775 1898 laudibus
786 1825 913 1896 virilem
929 1827 1060 1900 familie
1073 1813 1158 1898 suae³
1172 1826 1234 1897 cla·

172 1935 305 2002 ritatem
320 1957 544 2027 supergressa,
558 1956 705 2002 amorem
722 1934 830 2002 mariti
842 1935 973 2028 egregia
986 1933 1051 2004 lide
1067 1934 1231 2028 pensavit:

173 2064 247 2132 quae
267 2052 343 2132 post
363 2039 433 2132 ejus
451 2063 635 2124 excessum,
657 2038 764 2109 forma
784 2054 818 2108 et
835 2053 930 2110 aetate
947 2039 1086 2124 florens,
1105 2041 1234 2110 cubicu-

174 2143 244 2218 lum
261 2131 393 2214 socms⁴
413 2171 475 2238 pro
494 2146 650 2239 conjugio
668 2145 784 2220 hebuit
802 2171 809 2212 :
829 2148 863 2218 in
878 2145 1059 2240 eodemque
1072 2160 1147 2220 toro
1160 2144 1234 2218 ulte

55 2274 60 2299 ·=
174 2251 242 2319 rius
261 2249 489 2320 adolescentie
517 2253 611 2346 vigor
628 2253 808 2322 exstinctus
826 2267 892 2338 est,
913 2249 1046 2322 alterius
1067 2252 1234 2322 viduitatis

173 2357 373 2450 experientia
404 2359 587 2426 consenuit.
617 2361 691 2426 Hoc
723 2357 913 2427 cubiculum
942 2344 1083 2426 talibus⁵
1108 2361 1233 2454 experi-

174 2465 291 2532 mentis
313 2463 476 2532 silmmam
496 2465 653 2558 imponat.
693 2547 694 2556 ἵ

227 2589 262 2670 Δ.
281 2589 448 2682 Deinceps
477 2601 510 2656 et
530 2587 583 2655 his
600 2573 783 2675 vacemus⁶,
808 2613 950 2682 quorum
975 2591 1102 2659 animus
1125 2587 1235 2684 aliquo

173 2692 208 2762 in
232 2707 403 2766 momento
428 2692 585 2788 ponendo
613 2696 786 2786 pecuniam
811 2719 980 2788 nunquam
1000 2697 1140 2766 vacavit.
1171 2697 1233 2764 Cn.

218 2895 545 2964 1.Muuutiurllusur.ldSS.
553 2895 684 2950 fluctuant
725 2893 786 2948 diue
798 2895 870 2948 Nero
877 2913 908 2948 ex
915 2895 990 2948 Livia
1002 2913 1086 2948 uxore
1097 2895 1236 2948 Tiberium

174 2975 391 3042 intermiserim,
402 2977 681 3044 Minuciusdllinucim,
726 2975 832 3045 genuit3
842 2973 1001 3028 Octavianus
1015 2972 1113 3026 deinde
1125 2993 1157 3026 ec
1166 2993 1237 3026 mor·

174 3055 433 3117 Numaciiumuiius,
444 3055 590 3113 Mutarim,
602 3055 683 3108 Mine·
726 3065 773 3106 tuo
790 3051 925 3124 gravidam
943 3051 1019 3106 duxit
1030 3071 1140 3106 uxorem
1152 3091 1161 3119 ,
1175 3071 1234 3124 que

176 3137 230 3185 iiic.
246 3134 315 3186 Nom
329 3136 419 3188 Rome
431 3147 457 3188 et
468 3136 578 3188 Minucia
589 3147 617 3188 et
628 3134 684 3186 Mu·
725 3133 829 3204 peperit
844 3135 969 3186 Drusum.
982 3164 1023 3175 —
1041 3133 1138 3184 Divinis
1150 3133 1233 3185 eculin

176 3215 245 3263 rectia
263 3231 334 3282 gens.
354 3213 405 3268 Hic
422 3233 501 3278 vero,
522 3233 606 3286 quum
620 3213 683 3266 alibi
727 3213 768 3268 Cl'.
785 3213 888 3266 Prosit.
903 3212 1002 3266 Valerii
1018 3224 1046 3265 et
1055 3213 1102 3274 11,
1119 3229 1152 3277 1,
1170 3231 1214 3264 io.

175 3310 231 3343 non
245 3305 422 3358 memoretur,
442 3312 474 3346 cx
487 3312 538 3364 quc
551 3294 631 3350 luerit
645 3293 684 3346 iu·
768 3293 794 3346 3.
815 3292 928 3346 Familia
941 3313 1000 3364 sue.
1015 3293 1134 3346 Paterna
1150 3310 1157 3346 :
1172 3291 1234 3363 quia

175 3383 278 3422 certum
286 3384 335 3427 est.
726 3373 782 3444 ejus
795 3385 870 3444 peter
885 3373 1009 3426 triumvir
1019 3370 1165 3436 Antonius,
1177 3371 1235 3424 libi·

219 3469 245 3503 2.
256 3451 438 3502 Drusurneti‘am
448 3451 624 3506 Germanicum.
631 3453 682 3505 An.
726 3449 789 3506 diue
800 3465 825 3506 et
838 3453 968 3506 illecebris
979 3453 1142 3522 Cleopatr-e,
1153 3469 1234 3521 repu-

176 3529 211 3581 U:
226 3535 292 3600 744.
307 3531 407 3584 Drusus
415 3531 589 3584 Germanicus
597 3532 683 3602 primo
726 3529 797 3586 diste
812 3531 934 3598 Octavia,
948 3531 1060 3602 Augtuti
1072 3528 1234 3595 sorore‚dil'-

174 3627 284 3662 censum
303 3623 407 3679 egeret,
422 3609 519 3664 deinde
535 3609 684 3663 Germanias
726 3613 839 3666 binetus
849 3626 897 3665 est.

174 3688 213 3741 cis
231 3699 258 3741 et
272 3701 344 3741 trane
364 3689 487 3742 Rhenum
508 3690 605 3761 positas
619 3691 683 3742 civi·
768 3698 793 3755 4.
808 3692 904 3744 Socnu.
921 3691 1011 3743 Livia.

174 3780 241 3820 tates
256 3769 437 3839 oppugnavit,
457 3782 490 3832 et,
504 3771 632 3822 tumultus
648 3770 684 3822 ob
768 3771 793 3824 5.
810 3771 918 3824 Talibus.
927 3769 1235 3824 Abstinentiae.-Siun·

175 3865 236 3898 eum
245 3865 354 3900 censum
363 3848 391 3900 iu
403 3849 489 3902 Gallie
500 3862 604 3902 exortos
614 3867 685 3902 com·
727 3869 798 3904 niam.
813 3850 917 3902 Finem.

173 3927 271 3996 posuit.
303 3927 440 3982 Postremo
466 3929 550 3982 varias
577 3947 683 4000 quoque
768 3929 1117 3999 6.Deiucepseelrisvacemus.
1125 3926 1235 3982 Sensus:

175 4018 265 4076 gentes
285 4018 356 4060 tram
381 4008 505 4062 Rhenum
530 4009 609 4060 armis
630 4008 683 4061 suis
727 4005 1236 4079 nuncdeiisloquer.Pigb.edidit:dem·

175 4085 289 4156 subegit.
303 4085 354 4139 Hic
370 4087 452 4158 igitur
466 4087 625 4161 Germanicus
642 4086 683 4141 di·
727 4109 779 4160 ceps
785 4109 815 4141 ec
822 4092 972 4140 invocemus.
979 4087 1057 4150 Male,
1063 4099 1154 4140 contra
1160 4087 1234 4139 MSS.

176 4174 233 4221 ctus
248 4178 294 4220 est.
309 4199 349 4211 -
365 4166 592 4237 Claudioesamilioe.
607 4168 685 4238 Cleuff
727 4169 880 4238 -Quorum
887 4167 1238 4224 animur...cacavit.Semus:
