3190 5122
267 543 370 613 CAP.
399 541 474 628 111,
502 541 571 609 DE
598 540 792 610 ABSTIN.
821 541 883 608 ET
908 541 1118 613 CONTIN.
1176 546 1250 641 293

190 689 279 760 ratu,
306 689 339 743 et
364 672 544 743 admodum
565 671 712 768 parvulis
734 673 836 768 copiis
861 675 989 768 excepit
1010 689 1170 770 :postero
1200 678 1253 748 die

188 780 493 876 interrogantibus,
522 779 652 849 cuinam
683 778 893 848 adnumerari
922 783 1094 876 pecuniam
1124 781 1252 854 vellet:

191 888 310 980 Quid?
323 911 402 974 uos,
426 887 547 979 inquit,
566 887 725 955 iresterna
746 908 849 954 coena
866 909 936 954 nou
958 889 1186 976 intellexistis,
1208 915 1253 960 ea

186 1019 242 1062 me
262 1018 331 1063 iton
357 991 552 1086 tizde'g’ere'?
577 995 628 1061 Ita
651 1017 709 1060 rex
734 992 923 1088 philosophi
948 995 1124 1063 amicitiam
1143 1021 1253 1067 emere

188 1097 310 1169 voluit:
328 1097 544 1194 philosophus
557 1100 627 1194 regi
644 1123 736 1168 suam
751 1098 894 1168 vendere
908 1097 1022 1170 noluit.

244 1209 277 1292 l.
293 1203 497 1276 Alexander²
515 1229 595 1274 vero
612 1229 798 1300 cognomen
812 1207 925 1274 invicti
943 1221 1151 1300 assequutus,
1173 1234 1253 1278 con·

191 1313 360 1380 tinentiam
383 1313 542 1406 Diogenis
566 1313 671 1405 cynici
697 1313 829 1380 vincere
850 1337 918 1381 non
940 1315 1073 1406 potuit:
1090 1314 1131 1381 ad
1153 1341 1252 1411 quern

191 1441 292 1512 quum
310 1419 343 1486 in
363 1416 430 1487 sole
449 1417 618 1486 sedentem
633 1418 1126 1512 accessisset,hortareturque,
1144 1437 1199 1506 ut,
1222 1425 1256 1489 si

189 1547 261 1618 qua
280 1523 652 1618 sdiuelletpraestaigi
673 1521 839 1591 indicaret
852 1523 1163 1624 ,quemadmodum
1184 1541 1255 1596 erat

189 1616 419 1725 iucrepidiue³
433 1628 631 1716 collocatus,
644 1619 1254 1722 sordidaeappellationis,sedrobustae

190 1737 242 1804 vir
259 1737 472 1831 praestantiae,
494 1740 599 1824 Mox,
621 1735 743 1872 inquit,
757 1735 801 1804 de
823 1742 976 1822 caetertiq
994 1741 1125 1805 titterim
1144 1760 1169 1805 a
1182 1741 1255 1808 sole

190 1842 274 1911 milti
291 1843 392 1909 veliin
416 1865 486 1912 non
504 1827 660 1912 obstes⁴·
646 1841 801 1936 ,quihus
818 1839 928 1910 verbis
945 1790 1001 1910 illa
1021 1844 1177 1912 nimirum
1200 1845 1253 1912 iu·

191 1947 285 2014 haesit
306 1949 491 2016 sententia:
512 1897 698 2016 Alexander
718 1949 948 2065 Diogenem„
929 1947 1034 2017 oradu
1052 1973 1112 2018 suo
1133 1949 1254 2020 divitiis

191 2049 315 2147 pellere
337 2067 458 2142 tentat,
483 2051 619 2122 celerius
643 2054 784 2124 Darium
810 2053 918 2122 armis.
946 2053 1038 2122 Idern
1069 2056 1254 2148 Syracusis,

194 2183 296 2252 quum
311 2156 401 2227 olera
416 2185 445 2228 er
438 2159 580 2230 lavanti
595 2144 797 2254 Aristippus⁵
811 2159 959 2248 dixisset,
983 2161 1046 2229 «Si
1057 2161 1253 2278 Dionysium

193 2263 327 2334 adulare
345 2263 461 2353 velles,
486 2267 547 2335 ista
569 2291 636 2334 nou
658 2291 773 2336 esses:
796 2267 919 2353 lmmo,
944 2267 1064 2360 inquit,
1090 2267 1116 2336 si
1136 2280 1172 2334 tu
1192 2269 1254 2336 ista

193 2393 264 2440 esse
283 2369 401 2460 velles,
428 2397 495 2442 non
517 2371 667 2444 adulares
689 2372 933 2466 Dionysium.»

193 2555 255 2609 darn
275 2555 356 2609 heroe
378 2559 415 2612 sic
434 2561 642 2630 cognominatus.
661 2593 698 2604 -
787 2567 814 2624 Ι.
824 2561 852 2613 A
864 2559 951 2614 sole...
954 2559 1060 2613 ,obstes
1077 2559 1190 2613 Obstare
1205 2559 1254 2612 uli·

196 2637 286 2708 Copias.
298 2638 389 2709 Copire
401 2657 455 2691 ιιοιι
469 2637 503 2692 de
516 2641 631 2692 exercitu
643 2651 701 2692 tan·
746 2641 788 2694 cui
800 2659 815 2692 s
825 2639 880 2692 sole
893 2651 948 2693 est:
957 2639 1062 2710 objectu
1076 2639 1196 2710 corporis
1212 2638 1253 2690 sui

195 2728 269 2778 tum,
284 2715 329 2770 sed
350 2717 434 2772 dein
449 2719 544 2786 etiam,
562 2738 620 2791 quae
640 2732 701 2772 sunt
746 2718 891 2792 impedire,
902 2737 956 2790 quo
970 2717 1059 2772 minus
1073 2718 1255 2772 radiisolaree

194 2787 224 2848 iir
239 2807 380 2868 promptu,
389 2798 525 2864 hocloco,
538 2797 573 2852 de
587 2800 703 2853 esculen-
746 2798 780 2852 ad
794 2800 907 2871 aliquem
922 2798 1072 2870 pertingere
1087 2798 1197 2870 possint.
1210 2797 1255 2850 Sic

196 2875 229 2928 tis
244 2889 270 2928 et
283 2889 365 2948 potu,
379 2890 530 2950 usurpatur.
545 2878 587 2933 Cl.
603 2879 701 2931 lustin.
745 2879 844 2931 Lucan.
861 2879 889 2943 1,
905 2895 931 2930 a.
949 2877 998 2929 58:
1017 2877 1122 2930 Nullae
1138 2876 1255 2926 ob'stenta

196 2954 338 3027 mvffl
352 2956 439 3011 Cesar
451 2957 485 3010 de
497 2959 570 3012 Bello
585 2958 701 3024 Gallico,
748 2959 847 3011 Caesare
860 2915 967 3018 nlla,-
983 2967 1009 3007 et
1021 2954 1157 3007 Cicero.
1164 2954 1256 3007 Adesse

197 3033 243 3087 lib.
260 3036 309 3100 IV,
325 3053 382 3108 cep-
398 3044 432 3103 i,
447 3033 463 3098 S
477 3057 504 3108 7·
747 3037 924 3089 alicisiasolm
935 3031 1169 3099 dissuadentem
1175 3034 1255 3086 Laer-

240 3132 264 3168 ι.
288 3115 392 3185 Quid...
405 3117 519 3186 indigere.
533 3118 590 3171 Cic.
606 3115 680 3171 addit
695 3135 702 3170 :
747 3117 799 3180 tio,
811 3113 877 3168 dixit
888 3132 895 3165 τ
908 3131 936 3166 se
950 3113 1016 3166 velle
1031 3130 1087 3166 esse
1097 3114 1255 3182 Diogenem,

201 3219 212 3241 ι
230 3193 319 3258 Quum
330 3191 437 3248 vidisset
449 3196 546 3267 legatos
559 3197 703 3260 tristiores,
747 3195 799 3250 nisi
815 3207 883 3248 esset
893 3190 1049 3246 Alexander.

198 3273 276 3326 XXX
286 3274 370 3326 minae
381 3275 506 3345 accepit.»
517 3277 624 3328 Donum
633 3275 704 3330 enim
790 3275 816 3328 5.
823 3275 971 3344 Aristippus.
978 3271 1092 3326 Sues-eth
1098 3269 1255 3342 discipulus,

198 3371 260 3405 cum
270 3365 423 3424 contemptu
432 3353 705 3425 repudietummaxi·
746 3373 803 3410 ιιοιι
818 3367 907 3407 autem
927 3353 1061 3416 imitator;
1075 3351 1103 3404 Ιιι
1121 3350 1257 3421 voluptate

200 3448 242 3483 me
252 3430 357 3484 honesti
370 3433 452 3486 allicit
464 3433 591 3486 animum.
748 3453 882 3488 summurn
908 3451 1028 3503 ῳιιιιοιιι
1048 3432 1150 3484 bonum
1164 3467 1172 3494 ,
1188 3447 1259 3482 com·

242 3529 268 3562 ι.
286 3511 438 3572 Alexander,
457 3525 507 3568 etc.
516 3511 587 3566 Vide
603 3512 707 3568 Cicero·
749 3526 866 3566 moratus
884 3524 924 3566 est
939 3507 1101 3582 aliquamdiu
1114 3509 1142 3562 in
1158 3507 1258 3579 Diony·

199 3607 262 3642 nem
277 3589 383 3644 Tuscul.
397 3591 437 3654 V,
451 3593 497 3646 da.
691 3615 693 3622 ·
750 3593 781 3645 sii
795 3586 1258 3645 auls-Aditumndunresuiv·

241 3669 268 3722 3.
282 3667 417 3739 Crepidine.
429 3667 546 3742 Crepido
559 3671 707 3724 extremitas
751 3671 821 3742 apud
841 3670 991 3741 complures
1010 3668 1135 3720 occurrit.
1150 3667 1260 3721 Adulaiu‘

200 3761 241 3801 est
258 3748 333 3814 saxi,
353 3761 429 3802 terrae
448 3761 493 3804 aut
510 3749 593 3808 valli,
611 3750 638 3802 Ιιι
656 3769 708 3820 qua
752 3751 831 3804 etiam
839 3749 1190 3821 passivessicuntpraeterea
1201 3747 1260 3798 adu-

199 3825 315 3882 mendici
329 3826 420 3881 sedere
429 3829 521 3884 solent.
534 3827 634 3900 Saepius
645 3847 709 3899 quo·
753 3830 800 3880 lari
814 3829 915 3900 aliquem
931 3840 957 3880 et
971 3827 1052 3880 eliciti.
1068 3827 1158 3898 Vulgo
1172 3839 1258 3880 tamen

127 3929 129 3937 ’
200 3925 252 3980 que
277 3925 352 3960 oram
375 3908 505 3962 literalem
525 3905 642 3961 denotat.
668 3939 709 3952 -
752 3907 860 3978 legitur:
876 3909 995 3979 Dionysio
1009 3905 1260 3960 adulari......adida·

200 3985 312 4040 Sordida
325 3988 503 4060 appellationis.
515 3987 631 4058 Cynicus
646 4005 710 4058 pro·
754 3991 812 4039 reris
828 3987 954 4057 Dionysio.
972 3987 1052 4051 Cous.
1074 3985 1185 4050 Quintil.
1205 3985 1260 4050 lx,

201 4077 261 4137 pter
285 4066 481 4122 immunditiem
506 4085 562 4120 ιιοιι
583 4085 656 4120 seem
681 4084 710 4120 ac
757 4067 967 4132 3,1.-Ems.
981 4063 1260 4132 Comederes31autio·

202 4145 353 4202 mordacem
372 4148 587 4214 insectationem,
603 4159 648 4200 aut
667 4165 710 4200 rs·
754 4146 827 4200 ribus
836 4145 1025 4211 cibis,rneliori
1037 4145 1141 4200 fortuna
1150 4145 1260 4200 utereris

204 4225 302 4280 biosarn
313 4227 440 4301 loquendi
452 4228 600 4282 libertatem
614 4225 708 4280 dictus.
754 4224 825 4298 apud
838 4225 1006 4298 Dionysium.

420 4319 424 4360 Ι
1015 4331 1060 4400 19

1070 4291 1081 4331 3
