3184 5132
317 513 423 582 car.
451 513 501 592 x,
533 513 602 580 us
636 510 948 584 MAJESTATE.
1095 537 1160 610 ψ

105 649 310 720 adornatam.
334 647 507 734 Quantum
538 646 624 716 enim
649 642 765 716 Paullo
789 645 1003 731 tribuerunt,
1030 661 1169 742 propter

105 779 204 848 quem
224 754 330 849 gentis
347 777 413 824 sue
429 750 570 824 cladium
589 750 709 837 indicia
719 749 727 774 ¹
739 775 800 845 per
817 776 875 822 ora
893 750 983 846 vulgi
998 751 1084 822 serre
1098 779 1165 822 non

105 857 371 928 exhorruerunt?
391 857 480 952 quod
500 855 724 953 spectaculum
748 857 855 930 funeri
874 860 1017 952 speciem
1032 857 1166 930 alterius

105 965 266 1061 triumphi
292 963 434 1058 adjecit:
456 965 507 1034 bis
530 965 617 1034 enim
636 977 687 1050 te,
711 962 840 1052 Paulle‚
865 964 1061 1034 Macedonia
1089 967 1164 1036 urbi

104 1086 224 1142 nostrae
244 1070 402 1157 illustrem
424 1070 591 1141 ostendit:
612 1068 834 1158 incolumem,
855 1069 967 1166 spoliis
986 1073 1073 1156 suis5
1094 1072 1163 1142 fato

105 1177 275 1266 functum,
292 1177 446 1246 humeris.

158 1287 191 1370 4.
215 1285 267 1352 Ne
289 1283 345 1352 filii
363 1283 495 1377 quidem
522 1284 570 1352 tui
588 1283 750 1377 Scipionis
776 1281 979 1372 AEtniliani²‚
1006 1309 1104 1378 mem
1130 1287 1164 1357 in

104 1389 314 1484 adoptionem
332 1389 458 1478 dando,
472 1389 613 1459 duarum
631 1388 827 1460 familiarum
846 1405 1078 1462 ornamentum
1093 1415 1164 1462 esse

104 1495 252 1584 voluisti,
263 1496 424 1588 majestati
436 1521 554 1590 parum
567 1495 703 1564 honoris
720 1496 880 1570 tributum
898 1511 967 1568 est:
981 1521 1058 1566 eum
1075 1499 1162 1568 enirn

104 1601 345 1670 adolescentem
363 1602 542 1672 admodum
558 1600 728 1670 aLucullo
749 1602 884 1672 consule
902 1603 1036 1697 petendi
1051 1601 1161 1671 auxilii

104 1711 209 1802 gratia
230 1732 270 1776 er
293 1709 450 1801 Hispania
474 1709 509 1776 in
536 1707 677 1776 Africam
699 1709 851 1796 missum,
873 1709 1163 1804 Carthaginienses

102 1829 134 1882 et
159 1815 334 1882 Masinissa
350 1837 406 1880 rex
428 1813 468 1882 de
490 1838 570 1908 pace
589 1800 871 1908 disceptatorem³‚
883 1813 975 1884 velut
992 1814 1161 1884 consulem

100 1935 133 1989 et
152 1923 387 2013 imperatorem
409 1919 608 1988 babuerunt.
630 1922 750 2012 Ignara
769 1919 901 2013 quidem
923 1919 1068 1990 satorum
1086 1947 1160 1990 suo·

101 2052 176 2094 rum
198 2024 368 2118 Carthago
379 2027 530 2094 :orientis
546 2025 633 2094 enim
650 2023 728 2092 illud
737 2027 881 2119 juvente
894 2025 1010 2113 decus,
1023 2027 1161 2096 deorum

99 2147 202 2226 atque
220 2129 392 2198 bominum
414 2117 642 2226 indulgentia⁴‚
662 2130 704 2198 ad
722 2131 884 2201 excidium
906 2133 976 2226 ejus
990 2132 1160 2222 alebatur,

31 2315 33 2318 ¹
96 2253 135 2306 ut
150 2237 302 2330 superius
316 2261 500 2330 cognomen
513 2237 720 2329 Asraanam
731 2239 1013 2334 capta‚posterius
1025 2264 1158 2323 eversa,

99 2328 284 2412 Corneliae⁵
302 2344 390 2436 genti
405 2343 506 2411 daret.

155 2445 187 2518 5.
217 2447 308 2538 Quid
329 2449 557 2536 damnatione,
579 2447 658 2543 quid
679 2449 790 2518 exsilio
809 2448 982 2520 miserius?
1003 2451 1093 2544 atqui
1121 2453 1156 2520 P.

99 2539 240 2622 Rutilio⁶
262 2557 505 2648 conspiratione
525 2553 776 2649 publicanorum
792 2554 964 2650 perculso,
980 2557 1156 2626 auctorita·

100 2674 165 2729 tem
181 2661 329 2729 adimere
340 2686 407 2729 non
420 2659 612 2730 valuerunt:
627 2665 680 2730 cui
691 2663 801 2730 Asiam
815 2663 939 2757 petenti
953 2687 1068 2732 omnes
1079 2687 1155 2758 pro·

100 2873 283 2926 summamque
293 2855 353 2908 lecti
364 2867 466 2926 partem
477 2854 608 2908 sustinue-
691 2861 717 2917 4.
734 2855 895 2924 Indulgentiae.
909 2854 1000 2908 Gratia
1009 2893 1016 2920 ‚
1025 2855 1098 2928 largo
1108 2855 1157 2908 bo·

100 2947 161 2986 runt
181 2933 342 2987 Macedoniae
368 2935 518 3006 principes:
535 2932 607 3007 quod
651 2953 724 2988 nore.

100 3013 215 3083 speciem
234 3013 346 3086 praebuit
371 3015 434 3067 novi
455 3014 606 3086 triumphi,
692 3013 717 3067 5.
749 3013 875 3066 Cornelia.
903 3012 992 3084 Scipio
1019 3011 1157 3066 Africanus

100 3094 172 3164 qnasi
182 3093 352 3164 postvictum
364 3093 460 3146 Persen
469 3093 497 3146 bi
506 3093 606 3166 princi·
649 3094 724 3164 prior
733 3105 835 3164 patrem
847 3091 940 3146 habuit
952 3091 1101 3158 Cornelium,
1110 3093 1156 3164 qui

99 3191 143 3243 pes
154 3171 280 3225 denuoin
291 3173 426 3244 triumpho
438 3172 605 3227 ducerentur.
649 3185 750 3244 patrem
768 3173 852 3225 oculis
866 3173 962 3224 orbum
975 3173 1086 3242 sciprionis
1100 3171 1157 3224 vice

141 3271 165 3306 1.
182 3251 285 3304 Indicia.
299 3251 331 3304 ld
343 3263 382 3304 est
393 3253 465 3324 signa
474 3265 499 3306 et
511 3273 606 3306 monu-
649 3251 738 3316 duxit,
748 3264 828 3324 atque
836 3252 953 3304 suffulsit
961 3290 970 3317 ,
979 3250 1096 3324 indeque
1104 3251 1159 3306 Sci·

99 3345 188 3385 menta
204 3327 327 3383 cladium.
648 3331 736 3403 pionis
749 3351 846 3384 nomen
861 3344 899 3385 est
913 3331 1030 3385 sortitus.
1185 3387 1188 3396 ,

140 3431 166 3464 a.
189 3409 308 3480 Scipionis
328 3409 465 3464 AEmils‘am'.
482 3411 606 3465 Africano
689 3415 716 3465 6.
734 3411 765 3464 Ρ.
779 3412 878 3464 Rutilro
892 3413 931 3464 De
946 3430 1000 3484 quo
1016 3410 1157 3475 infra,VI‚

102 3489 233 3564 superiori
248 3487 319 3542 filius
335 3488 383 3542 fuit
397 3488 462 3543 adeo
478 3489 565 3544 tenuis
581 3504 607 3544 et
651 3497 684 3554 4,
699 3498 725 3556 4.
744 3491 822 3543 Anno
841 3491 876 3544 U.
902 3494 968 3544 660.
989 3490 1049 3542 Liv.
1070 3489 1155 3542 Lxx,

100 3571 173 3623 exilis
181 3579 334 3637 naturae,ut
345 3567 442 3622 liberos
452 3589 606 3642 procreare,
649 3569 739 3623 senec.
756 3571 832 3642 epist.
844 3573 890 3625 81.
905 3603 946 3612 -
961 3569 1154 3621 Publicanomm.

102 3663 167 3703 etex
182 3667 234 3702 suo
247 3649 356 3701 nornine
369 3667 451 3719 penus
463 3669 607 3722 propagare
648 3650 785 3703 Publiceni
802 3663 879 3715 suut,
895 3649 941 3722 qui
956 3649 1062 3722 publica
1078 3649 1157 3704 vecti·

103 3749 153 3781 non
174 3740 284 3800 posset;
304 3747 387 3800 quare
401 3729 501 3782 AErnilii
521 3729 606 3782 fllium
648 3729 715 3800 galia
733 3742 759 3782 et
773 3729 837 3782 alios
854 3729 948 3801 populi
962 3729 1066 3782 romani
1084 3727 1155 3781 redi·

103 3807 249 3880 adoptavit,
258 3807 463 3879 quiAEnn'liamo
472 3822 514 3874 et,
524 3827 606 3880 quum
649 3820 706 3872 tus,
720 3809 814 3862 exteris
829 3807 980 3862 nationibus
995 3808 1157 3880 imperatos,

102 3887 285 3958 Carthaginem
297 3887 432 3941 evertisset
443 3926 451 3954 ‚
468 3889 607 3942 Africanus
648 3906 698 3941 nec
708 3905 763 3940 non
774 3889 1007 3960 tributa,quatstus
1018 3888 1058 3940 sui
1066 3905 1156 3953 causa,

104 3967 187 4020 minor
206 3980 315 4021 vocatus
332 3980 380 4020 est.
394 3968 472 4021 Anno
488 3969 523 4021 U.
541 3971 605 4023 602.
648 3967 792 4021 constituto
804 3967 891 4040 pretio
906 3965 1031 4038 exigenda
1044 3965 1158 4019 redime·

141 4047 167 4100 3.
177 4047 375 4118 Disceptatorem.
383 4047 547 4121 Disceptator
555 4061 607 4116 est,
648 4047 726 4112 bant,
738 4047 780 4100 vel
792 4065 806 4098 a
820 4045 883 4099 fiseo
894 4044 1085 4100 conducebant.
1097 4047 1154 4100 Hoc

103 4127 146 4196 qni
160 4127 229 4180 inter
244 4125 311 4180 dnos
325 4124 481 4182 dissidentes
501 4129 606 4198 eligitur
649 4127 920 4200 munnapotissimum
929 4128 1062 4198 equitibus
1069 4145 1155 4180 roma·

101 4203 133 4258 ad
152 4206 224 4260 litem
236 4205 439 4279 dijudicandam.
648 4207 689 4260 nis
704 4225 759 4262 esse
773 4207 914 4274 collatum,
928 4207 1022 4262 Cioero
1036 4219 1153 4262 testatur.
