3218 5128
355 551 463 620 esp.
492 553 527 637 1,
555 549 624 618 ns
658 549 974 620 arsimone.
1149 579 1191 622 αι

132 686 168 754 in
190 707 326 754 censura
344 679 486 778 tegulas¹
508 705 711 752 marmoreas
729 707 770 750 ex
790 683 928 751 lunonis
944 683 1089 752 Laciniae
1108 699 1195 754 tem·

133 790 189 886 plo
213 793 246 858 in
266 789 370 860 aedem
389 791 543 858 Fortunae
564 789 748 882 Equestris,
773 810 872 882 qnam
884 789 1010 858 Romae
1033 787 1196 878 faciebat,

134 895 308 965 transtulit.
329 898 479 989 Negatur
500 896 587 962 enim
611 893 769 989 posthoc
792 893 915 962 iactum
938 909 1048 964 mente
1070 897 1196 966 consti-

132 1004 209 1072 tisse
223 1028 231 1070 :
247 1003 328 1096 quin
341 1003 440 1070 etiam
459 1025 519 1095 per
535 1023 699 1069 summam
722 999 950 1093 aegritudinem
968 999 1068 1068 animi
1086 1004 1196 1097 exspi-

132 1110 239 1204 ravit„
249 1132 370 1201 quum,
385 1131 425 1176 ex
444 1105 573 1175 dnobus
584 1104 657 1176 filiis
675 1107 710 1173 in
727 1104 860 1200 illyrico
877 1104 1107 1194 militantibus,
1122 1107 1198 1178 alte·

132 1239 209 1282 rum
228 1213 416 1299 decessisse,
435 1211 574 1280 alterum
592 1213 737 1306 graviter
752 1211 895 1280 audisset
911 1211 1077 1282 affectum.
1094 1214 1197 1307 Cujus

130 1317 230 1388 casu'
250 1334 361 1388 motus
377 1332 523 1404 senatus,
543 1316 669 1411 tegulas
681 1319 807 1386 locros
821 1317 1037 1412 reportandas
1050 1319 1197 1407 curavit,

131 1426 322 1520 decretique
343 1425 670 1518 circumspectissima
690 1425 862 1493 sanctitate
875 1425 1011 1519 impium
1027 1449 1111 1518 opus
1126 1449 1197 1495 cen·
1298 1447 1303 1454 ·

131 1533 217 1600 soris
239 1532 387 1600 retexuit.

190 1661 248 1706 at.
273 1639 355 1705 Tam
380 1661 433 1706 me
456 1635 589 1704 hercule
618 1657 717 1729 quam
735 1635 778 1722 Q.
799 1634 947 1706 Pleminii
962 1621 986 1723 ³,
1009 1634 1106 1729 legati
1127 1637 1195 1706 Sci·

178 1860 201 1891 s.
223 1838 335 1908 Tegulur.
351 1835 400 1890 nis
416 1837 501 1906 agnitu
518 1835 583 1890 illud
595 1838 643 1890 mi-
686 1839 715 1888 in
731 1855 837 1890 omnent
847 1857 905 1890 eam
920 1857 993 1890 oram
1007 1849 1155 1908 portarent,
1169 1851 1196 1894 et

131 1915 220 1971 racnli
241 1918 320 1970 inim
342 1916 517 1988 perhibetur,
551 1927 596 1981 ut,
622 1917 644 1968 si
687 1915 808 1968 similiter
820 1915 883 1968 iude
895 1917 1057 1986 paratissime
1072 1916 1103 1970 ad
1113 1920 1195 1972 luno·

131 1996 196 2068 quis
211 1996 283 2048 ferro
303 1993 332 2047 in
347 1994 432 2066 tegula
450 1994 541 2064 templi
564 1994 645 2065 ipsius
688 1995 729 2047 uis
742 1995 869 2064 ternplum
880 1994 1197 2050 subvectio-Fortuna

132 2093 236 2128 nomen
251 2071 394 2138 incideret,
403 2086 456 2125 tem
468 2071 516 2125 diu
526 2073 571 2125 illa
582 2074 645 2126 scri-
689 2074 823 2145 Equestris
833 2074 899 2140 Quis
907 2073 1024 2126 insidens
1035 2091 1102 2145 equo
1117 2075 1197 2148 tinge-

132 2165 217 2226 ptnrs
232 2165 363 2216 maneret,
377 2171 456 2224 quam
471 2151 519 2206 diu
532 2153 646 2218 viveret,
688 2152 775 2206 batur.
788 2153 851 2205 Erat
860 2164 948 2205 sutem
956 2165 983 2206 et
992 2153 1120 2224 templum
1130 2155 1196 2208 For·

132 2233 185 2306 qui
203 2230 345 2285 incidisset.
356 2231 421 2284 Vid.
436 2231 541 2284 Servius
556 2231 589 2283 ad
603 2233 645 2283 111
689 2243 754 2284 turus
768 2231 881 2284 Ptetetae.
898 2229 962 2283 vid.
979 2231 1056 2284 infre.

132 2310 245 2366 AEneid.
255 2313 404 2364 -Lceinia
417 2311 501 2376 luae„
514 2311 554 2362 vel
567 2330 582 2363 a
594 2311 644 2363 La·
730 2331 754 2363 s.
771 2311 844 2363 Casu.
859 2311 945 2363 Immo
958 2309 1094 2382 sacrilegio
1108 2323 1196 2367 motus

130 2391 209 2446 cinio
231 2391 333 2444 latrone
352 2389 440 2454 dicu,
460 2392 508 2461 qui
529 2403 645 2444 extrema
688 2388 739 2442 init
760 2401 886 2454 umatus,
908 2403 939 2442 ut
959 2391 1053 2461 tegula
1075 2405 1195 2463 reporte-

133 2471 502 2540 ttalieintesuveset:quem
517 2469 644 2522 Hercules
687 2479 788 2522 rentur.
807 2501 847 2512 -
868 2470 940 2520 Lucri
959 2470 1022 2522 urbs
1037 2481 1077 2522 est
1094 2489 1196 2543 rnegnss

133 2569 221 2623 quum
239 2548 394 2612 occidisset,
413 2547 447 2602 nd
468 2548 644 2620 expiationem
688 2547 819 2612 Gracia,
843 2565 922 2618 qnam
955 2550 1087 2602 coloniens
1116 2549 1195 2605 inisse

134 2631 190 2693 loci
205 2627 411 2701 placaudsmqne
425 2629 574 2690 lunonem,
586 2645 645 2698 quse
687 2627 836 2680 locrorum
854 2627 882 2678 in
899 2627 1001 2680 Grecis
1023 2641 1132 2682 contet.
1154 2661 1195 2676 -·-

136 2710 189 2762 sibi
199 2709 264 2762 irate
273 2707 455 2772 dicebatur‚ei
465 2707 594 2778 templum
601 2704 646 2760 de·
688 2705 829 2760 Sanctitate.
852 2707 958 2760 Rectius
979 2707 1067 2760 forsan
1086 2709 1196 2779 legimus

136 2787 289 2853 dicunnet
302 2807 316 2840 a
330 2787 433 2840 latrone
445 2787 579 2840 lunonem
593 2786 645 2840 La·
688 2789 816 2838 sambae.
844 2787 955 2839 Decreta
979 2787 1051 2839 enim
1076 2805 1105 2840 sc
1126 2789 1195 2859 leges

137 2869 236 2922 siniam
259 2866 399 2939 appellavit
415 2883 422 2920 ε
437 2867 480 2918 vel
504 2864 645 2918 uLaoinio
688 2864 868 2918 sanctionibus
881 2863 1038 2936 quibusdem
1053 2867 1153 2920 iirmnri
1166 2887 1195 2920 ac

136 2948 324 3020 promontorio
338 2946 367 2998 in
383 2959 451 2998 terre
464 2939 646 2998 imreminm.
689 2943 790 2998 muniri
797 2943 931 3010 solebsnt;
941 2944 996 2997 scil.
1004 2944 1046 2997 vel
1057 2963 1140 3016 poena
1147 2946 1195 2998 sli-

139 3027 263 3080 Valerius
275 3021 647 3090 inuuerevidetnr‚illudln·
689 3025 764 3095 cujus
786 3021 948 3094 adjectione,
964 3025 1005 3076 rel
1028 3021 1197 3078 adversarum

139 3106 219 3160 nonis
239 3106 368 3176 templum
387 3104 466 3156 inisse
483 3104 583 3158 Locris.
601 3101 646 3154 Li·
690 3103 799 3156 aliarum
809 3103 898 3171 legum
907 3100 1086 3174 derogatione.
1097 3135 1137 3148 -
1149 3106 1196 3156 tte-

137 3187 200 3238 vius
223 3197 309 3238 suum
331 3185 378 3238 lib.
401 3180 533 3247 xxxw,
551 3183 647 3236 Croto·
690 3187 774 3235 teeuit.
784 3181 924 3236 Delevitso
932 3180 1089 3236 emendavit.
1102 3183 1199 3238 Trans·

139 3264 251 3316 castalii
258 3262 291 3314 ud
298 3265 441 3318 Crotonem
452 3263 531 3316 luisse
542 3262 646 3314 volunt.
691 3261 756 3315 latio
772 3273 855 3314 sumts
875 3279 889 3314 a
905 3261 1134 3316 textoribnsmam
1151 3265 1197 3335 qui

140 3340 209 3394 vtd.
220 3341 390 3406 Strabo,VI;
402 3341 536 3394 Theocrit.
550 3339 648 3404 id.·1V,
692 3339 856 3404 tesmenti,
875 3341 904 3394 in
917 3339 1039 3396 ordinem
1057 3341 1198 3412 redigrmt,

140 3441 167 3476 v.
181 3420 229 3478 33,
240 3419 327 3489 ibique
338 3421 419 3472 schol.
431 3419 459 3472 Si
471 3432 587 3484 constat,
597 3419 648 3471 La·
692 3421 812 3491 quivero
823 3433 961 3485 retexunt,
973 3439 1039 3492 opus
1052 3419 1150 3473 delent.
1158 3449 1199 3464 --

139 3501 220 3554 ciniis
234 3498 348 3550 lunonis
365 3499 562 3552 celeberrimum
582 3511 648 3552 tem·
692 3501 742 3552 Au.
771 3500 805 3553 U.
828 3499 893 3570 579.
913 3501 970 3554 Liv.
988 3499 1080 3564 XLII,
1101 3500 1132 3564 ἃς
1147 3500 1197 3552 Le·

140 3581 219 3652 plum
232 3597 288 3630 non
298 3577 453 3641 Locris‚sed
463 3577 495 3630 ad
504 3579 648 3634 Crotonem
693 3591 774 3632 ctam.
789 3580 833 3644 11,
849 3597 874 3648 7.

141 3660 235 3723 inisse,
243 3657 289 3710 vix
299 3675 422 3728 passuum
432 3657 547 3711 millibus
558 3677 601 3711 sex
611 3655 650 3710 di·
735 3658 761 3711 3.
772 3659 805 3728 (l.
814 3658 933 3710 Pleminii.
942 3657 1101 3710 Pleminium
1109 3658 1200 3712 locris

142 3751 229 3800 sttns;
242 3755 304 3790 sane
315 3735 394 3788 lectio
407 3737 458 3787 loco
467 3736 509 3788 vel
519 3738 581 3788 illico
595 3755 650 3788 me·
694 3755 755 3792 cum
766 3735 889 3808 prasidio
904 3753 971 3788 rom.
985 3736 1136 3807 prefecerat
1144 3737 1200 3792 Sci-

142 3818 195 3872 lior
208 3815 326 3879 videtur,
340 3833 418 3886 quam
434 3816 514 3884 vulgo
527 3827 650 3885 recepte:
695 3817 749 3888 pio.
761 3818 794 3868 At
803 3816 950 3886 ille‚qunm
959 3815 1104 3870 multorum
1114 3835 1201 3870 esem·

145 3897 244 3966 tegulas
256 3897 344 3948 Locros
357 3892 529 3966 reportandas
543 3895 651 3948 curavit.
695 3897 740 3967 plo
749 3933 757 3960 ,
766 3895 813 3966 qui
824 3895 932 3948 avaritia
949 3892 1022 3948 ducti
1037 3908 1076 3948 tot
1090 3897 1157 3948 mals
1173 3897 1201 3950 in

144 3974 197 4028 Sed
212 3975 363 4028 Gronovius
378 3974 542 4046 suspicatur:
557 3973 654 4026 Locrm
695 3974 844 4046 provincias
858 3988 1054 4044 congesserunt,
1064 3989 1094 4028 nt
1106 3977 1202 4030 Roma·

144 4055 293 4118 nominasse
309 4054 461 4118 Valerium,
477 4051 593 4124 quodeo
614 4071 653 4106 es·
697 4056 726 4108 ni
738 4053 897 4106 sbbostibus
906 4054 949 4106 vix
960 4052 1074 4110 discerni
1083 4069 1202 4126 possent,

143 4145 184 4186 set
197 4133 425 4198 commodissimus
437 4147 464 4186 et
475 4132 654 4204 frequentissi·
699 4133 812 4204 plurima
824 4133 939 4186 facinore
949 4135 977 4188 in
991 4135 1133 4191 Locrenses
1147 4133 1203 4186 edi·

146 4230 206 4266 mus
227 4213 351 4284 appulsus
366 4213 491 4280 mribus,
509 4231 568 4284 quse
584 4210 655 4284 ‚quid
700 4211 793 4274 disset,
809 4214 936 4284 templum
948 4231 1053 4316 qnoqup
1070 4213 1205 4284 Proserpi·

1003 4320 1022 4362 2
