3196 5122
408 611 477 708 196
585 612 806 680 VALERII
838 611 1042 678 ΜΑΧΙΜΙ
1070 611 1164 678 LIB.
1193 611 1272 678 111.

399 745 608 816 cunctatione
619 745 783 813 bonorum
795 743 915 813 civium
928 741 1287 829 discussa,Graccltum
1301 763 1376 810 cum
1386 765 1457 810 sce·

400 850 500 922 lerata
515 851 760 946 factione,quas
774 848 962 918 merebatur
973 872 1103 944 poenas,
1112 845 1300 943 persolvere
1312 850 1424 942 coegit

458 983 512 1054 18.
527 981 631 1052 ltem¹
649 1007 751 1078 quum
771 981 922 1050 tribunus
936 979 1040 1076 plebis
1059 981 1270 1069 Saturninus,
1284 993 1318 1048 et
1333 994 1453 1076 praetor

397 1087 551 1176 Glaucia,
567 1104 600 1158 et
618 1091 768 1184 Equitius
785 1087 973 1184 designatus
989 1087 1142 1156 tribunus
1157 1085 1279 1182 plebis,
1294 1089 1453 1155 maximos

396 1197 431 1264 in
447 1197 578 1264 civitate
595 1209 708 1264 nostru
727 1193 924 1263 seditionum
939 1207 1049 1262 motus
1061 1195 1269 1280 excitassent,
1284 1217 1345 1261 nec
1360 1195 1451 1286 quis-

394 1325 493 1396 quum
507 1326 541 1370 se
555 1299 679 1396 populo
695 1302 859 1369 concitato
872 1313 1075 1395 opponeret3
1091 1301 1233 1394 primum
1243 1299 1290 1367 M.
1304 1298 1451 1368 AEmilius

394 1403 551 1478 Scaurus²
572 1409 610 1476 C.
630 1407 792 1494 Marium,
811 1403 1017 1475 consulatum
1033 1420 1160 1474 sextum
1174 1419 1359 1500 gerentem,
1373 1405 1450 1473 hor-

393 1528 482 1584 tatus
500 1527 563 1597 est,
586 1528 622 1581 ut
639 1511 824 1582 libertatem
845 1510 997 1606 legesque
1019 1535 1119 1580 manu
1134 1510 1339 1598 defenderet,
1354 1513 1450 1606 proti

393 1645 521 1714 nusque
536 1642 628 1688 arma
646 1618 707 1687 sibi
728 1617 840 1687 afferri
855 1619 971 1711 jussit:
988 1617 1106 1712 quibus
1121 1615 1239 1702 allatis,
1262 1616 1373 1686 ultima
1395 1643 1448 1686 se-

392 1740 526 1794 nectute
548 1724 734 1794 confectum
754 1739 787 1793 et
804 1749 896 1819 paene
917 1721 1080 1818 dilapsum
1100 1749 1221 1818 corpus
1239 1723 1358 1812 induit,
1380 1725 1446 1818 spi-

393 1817 551 1926 culoque³
579 1833 710 1899 innixus
731 1845 806 1926 ante
828 1829 915 1899 sores
932 1832 1041 1899 Curiae
1061 1831 1222 1918 constitit,
1248 1854 1286 1898 ac
1305 1829 1447 1924 parvulis

392 1940 530 2007 extremi
544 1939 674 2033 spiritus
688 1935 850 2032 reliquiis,
864 1961 906 2004 ne
920 1933 1102 2032 respublica
1116 1937 1311 2030 exspiraret,
1328 1935 1445 2004 effecit.

391 2045 567 2113 Praesentia
588 2045 674 2112 enim
693 2043 793 2112 animi
810 2044 859 2112 sui
880 2056 1029 2112 senatum
1048 2057 1080 2110 et
1097 2055 1282 2136 equestrem
1299 2041 1445 2111 ordinem

392 2150 435 2218 ad
453 2149 632 2219 vindictam
651 2147 843 2244 exigendam
861 2145 999 2244 impulit.

335 2311 342 2318 ·
450 2281 578 2374 19.Sed
595 2294 631 2348 ut
650 2283 798 2374 superius
814 2303 982 2350 armorum
997 2295 1143 2376 ettogae,
1159 2282 1206 2349 ita
1225 2265 1332 2350 nuuc⁴
1349 2281 1442 2349 etiam

392 2385 537 2455 siderum
557 2384 682 2454 clarum
704 2385 805 2456 decus
824 2386 936 2456 divum
964 2385 1104 2474 Julium,
1128 2388 1343 2456 certissimam
1364 2410 1446 2454 vere

394 2611 469 2659 nem,
480 2593 571 2646 scribit
582 2591 716 2658 isidorus,
732 2594 787 2658 IX,
803 2593 895 2648 uvtd.
939 2607 1059 2668 peterent
1072 2607 1245 2669 potestatem,
1255 2607 1301 2649 snt
1313 2595 1443 2667 potentio·

392 2673 505 2744 Appisn.
525 2671 558 2726 rie
579 2673 643 2726 Bell.
657 2673 734 2726 Civit.
752 2673 831 2727 Multi
844 2693 898 2728 cre·
940 2675 1014 2730 ribus
1034 2675 1189 2747 senatuique
1207 2687 1298 2748 aperte
1316 2693 1442 2747 repugna·

394 2749 534 2818 dideruut,
548 2753 714 2820 Gracchum,
728 2753 790 2825 quic
806 2771 898 2807 exosus
940 2768 1015 2821 rent,
1030 2769 1239 2828 persequeretur.

392 2832 564 2903 petriciorum
581 2851 645 2904 opes
658 2833 742 2904 plebis
757 2832 897 2886 commodo
982 2836 1009 2888 3.
1020 2834 1170 2908 Spr'culoque.
1186 2834 1338 2907 Spiculum,
1352 2845 1382 2886 ut
1392 2833 1443 2886 Ve-

393 2912 474 2976 tavit,
491 2911 683 2984 perduellionis
702 2913 813 2966 erimine
832 2913 897 2966 salso
940 2914 1023 2986 getius
1031 2915 1082 2977 nit,
1092 2927 1148 2969 erat
1159 2915 1256 2968 missile
1268 2914 1443 2984 telum,me

392 3009 447 3044 esse
470 3005 635 3056 secuntum,
659 3005 686 3045 et
705 2993 788 3046 multe
810 2990 844 3046 de
865 3012 897 3045 eo
940 2993 1041 3046 ferrum
1054 2995 1229 3066 triangulum,
1245 2995 1383 3046 unciarum
1398 3011 1442 3044 uo·

392 3069 473 3136 lictu,
490 3089 547 3141 qun
572 3070 664 3124 odium
688 3073 773 3144 plebis
792 3071 819 3124 in
836 3091 897 3126 eum
940 3091 1017 3140 πως
1041 3073 1135 3127 bastile
1159 3071 1259 3145 pedum
1283 3073 1400 3144 quinque
1419 3083 1442 3124 et

392 3151 544 3204 excitrrent.
567 3151 725 3224 Plerumque
744 3153 836 3215 enim,
851 3152 897 3224 qui
940 3153 1028 3206 semis.
1038 3184 1079 3196 -
1093 3153 1203 3206 lenitus.
1216 3151 1308 3208 Codex
1319 3153 1386 3224 Cop.
1402 3155 1443 3202 in·

393 3229 557 3300 plebeiorum
581 3231 661 3283 rebus
683 3231 897 3302 prospiciebant,
941 3235 1045 3294 murus,
1074 3231 1147 3303 quod
1176 3232 1316 3286 Perizonio
1342 3233 1441 3304 placet,

394 3309 426 3362 iis
435 3307 534 3362 invidis
545 3309 713 3374 iecte‚et,ut
723 3311 816 3362 incerti
826 3311 898 3382 vulgi
940 3311 1018 3364 uobis
1041 3309 1185 3364 admodum
1210 3311 1343 3385 displicet.
1368 3311 1442 3364 Forte

392 3389 468 3442 saror
481 3390 509 3442 in
528 3389 594 3441 iram
610 3401 773 3456 verteretur,
785 3389 898 3462 suspicio
941 3391 978 3444 ita
995 3391 1124 3462 scriptum
1136 3409 1186 3464 pro
1207 3381 1311 3454 moui,
1327 3402 1404 3444 utest
1416 3391 1441 3442 iu

393 3485 558 3539 speremus
574 3485 703 3521 noverum
719 3487 808 3520 rerum
824 3469 899 3542 cupi·
940 3467 1000 3523 cod.
1016 3470 1094 3526 Berb.
1110 3471 1190 3544 prim.
1204 3485 1230 3524 et
1245 3469 1321 3524 Leid.
1340 3487 1390 3522 sec.
1405 3499 1443 3512 -

394 3545 456 3613 dos,
470 3549 570 3618 regiam
583 3561 672 3618 petere
686 3545 848 3618 dignitatem.
943 3549 1032 3603 Curioe.
1044 3552 1132 3604 Varro
1145 3563 1266 3616 testatem,
1279 3564 1306 3603 et
1315 3551 1389 3614 loce,
1400 3549 1444 3601 ubi

437 3645 462 3680 r.
483 3628 557 3690 Irene,
577 3640 626 3680 etr.
641 3630 691 3682 An.
705 3627 739 3680 U.
762 3627 827 3682 653.
844 3631 898 3680 Ac·
940 3621 1267 3684 curarentsucerdotesres
1275 3627 1386 3694 divion,
1394 3629 1445 3682 Cn·

393 3703 442 3758 rei.
455 3705 525 3760 Vict
542 3723 564 3759 e.
583 3726 629 3777 7²·
646 3739 685 3750 —
698 3707 820 3778 Equitiru.
836 3707 897 3760 Tib.
940 3709 992 3762 rius
1005 3706 1076 3762 dicta
1089 3729 1143 3763 esse
1155 3751 1162 3776 ‚
1176 3722 1203 3762 et
1216 3711 1263 3762 ubi
1277 3722 1381 3764 seranus
1395 3707 1443 3760 bu·

394 3784 508 3837 Gracchi
523 3784 607 3838 lilium
623 3805 650 3839 se
665 3786 847 3858 profitebatur.
941 3807 1047 3852 meum,
1066 3802 1096 3842 ut
1117 3789 1198 3844 Curia
1218 3789 1349 3854 Hostilia,
1366 3807 1442 3860 quem

436 3884 461 3918 s.
474 3863 639 3919 assperitas
650 3865 761 3918 Scaurus.
780 3866 827 3918 Uti
842 3865 898 3920 Sal-
941 3867 1069 3921 Hostilius
1093 3888 1139 3922 rex
1165 3867 1312 3923 edificavit.
1339 3867 1444 3921 Senatus

392 3943 487 3996 iustius
501 3963 562 3996 eum
578 3943 711 4017 depingit,
727 3945 778 3999 mit
793 3946 835 3998 vir
849 3965 898 3998 no·
941 3961 1029 4001 sutem
1043 3953 1146 4022 semper
1161 3949 1190 4002 in
1201 3949 1267 4002 locis
1283 3947 1387 4004 usmetis
1401 3965 1444 3998 co·

392 4022 453 4074 bilis
466 4059 475 4088 ‚
488 4022 627 4089 factiosus,
649 4023 741 4078 nvidus
757 4026 897 4096 potentie,
941 4029 1059 4098 gebatur.

393 4101 519 4167 honoris,
533 4099 842 4168 divitiarum‚cseterum
857 4107 896 4157 ri·
983 4113 1008 4171 d.
1028 4107 1068 4160 lta
1087 4127 1159 4170 nune,
1176 4119 1225 4161 etc.
1251 4109 1300 4160 An.
1323 4107 1356 4158 U.
1382 4109 1443 4172 ⁶96.

391 4181 489 4234 tirsus
501 4179 747 4239 callideoocultaus.
761 4183 834 4248 Quid
849 4185 897 4237 mi·
941 4187 1006 4240 Ces.
1022 4185 1056 4240 de
1071 4187 1101 4241 B.
1117 4187 1152 4241 G.
1168 4189 1210 4253 tt,
1229 4188 1277 4254 153
1293 4185 1399 4239 Suetou.
1418 4185 1443 4236 in
1524 4213 1525 4218 =

391 4279 469 4325 rum,
491 4260 513 4314 si
536 4279 642 4326 omues,
658 4263 705 4334 qui
723 4263 765 4316 vel
785 4263 896 4317 similem
940 4265 1052 4322 em-
1062 4267 1177 4322 Siderum,
1188 4268 1278 4334 Quum
1287 4265 1382 4322 casn
1393 4267 1445 4317 tu-
