3168 5124
393 497 468 586 atil.
593 497 821 565 VALERII
849 495 1058 562 ΜΑΧΙΜΙ
1087 495 1184 562 LIB.
1212 496 1275 562 vl.

391 632 538 701 hostium
565 629 748 714 subtraxit,
771 650 907 722 sequee
930 641 1111 721 conspectu
1137 627 1310 696 hominum
1340 625 1467 695 volun-

392 739 477 807 taria
495 750 603 806 morte
621 733 775 823 abstulit,
786 736 831 803 ita
844 749 883 802 ut
897 759 939 802 ne
955 757 1077 828 corpus
1092 732 1226 828 quidem
1245 734 1313 826 ejus
1327 733 1467 802 absum-

391 847 440 940 pti
466 845 679 913 invcniretur.
703 843 788 930 Quis
814 841 973 926 deorum,
999 841 1182 934 gravissimi
1205 840 1335 909 sceleris
1352 838 1469 928 ultor,

392 949 481 1020 illam
497 950 683 1036 dexteram,
696 973 769 1044 quae
781 949 816 1016 in
834 972 949 1018 necem
967 947 1082 1043 patriae
1096 945 1257 1040 parentis¹
1278 962 1468 1030 exarserat,

391 1072 485 1127 tanto
504 1071 640 1152 torpore
661 1053 819 1150 illigavit,
834 1067 872 1123 ut
888 1081 922 1124 se
940 1053 1159 1123 tremebunda
1173 1053 1307 1122 Pindari
1326 1054 1467 1148 genibus

393 1165 618 1250 submitteret,
632 1187 674 1230 ne
692 1161 815 1256 publici
834 1161 1016 1256 parricidii,
1028 1185 1110 1256 quas
1125 1159 1333 1246 merebatur,
1350 1185 1467 1255 poenas

391 1271 528 1340 arbitrio
545 1272 590 1366 pii
605 1270 739 1338 victoris
757 1265 1022 1337 exsolveretlTu
1034 1265 1247 1363 prolecto,tu
1257 1265 1280 1354 ²,
1293 1267 1373 1335 dive
1385 1267 1465 1352 Juli,

392 1376 577 1446 caelestibus
589 1378 655 1446 tuis
666 1374 859 1445 vulneribus
874 1373 1020 1444 debitam
1035 1375 1170 1468 exegisti
1180 1373 1383 1460 vindictam,
1393 1399 1464 1469 pcr-

392 1483 497 1552 lidum
516 1509 596 1578 erga
608 1495 641 1552 te
655 1497 758 1580 caput
771 1481 894 1551 sordidi
913 1479 1023 1550 auxilii
1045 1479 1181 1576 supplex
1200 1480 1273 1550 fieri
1293 1481 1463 1574 cogendo,

390 1615 431 1660 eo
449 1592 550 1660 animi
562 1603 643 1660 aestu
656 1587 882 1684 compulsum,
893 1589 931 1657 u't
949 1613 1056 1683 neque
1071 1589 1212 1657 retinere
1226 1589 1330 1656 vitam
1347 1587 1464 1672 vellet,

391 1723 498 1792 neque
521 1697 617 1765 linire
634 1721 736 1766 manu
757 1721 816 1765 sua
836 1695 981 1764 auderet.

448 1803 479 1876 5.
502 1802 663 1896 Adjunxit
682 1827 717 1872 se
735 1804 773 1871 iis
791 1801 939 1871 cladibus
963 1805 1026 1872 Cn.
1047 1800 1170 1871 Plotius
1191 1787 1368 1889 Plancus³,
1387 1805 1460 1872 Mu·

392 1911 473 1978 natii
481 1909 592 1980 Planci
605 1907 786 1979 consularis
798 1923 832 1977 et
843 1910 983 1979 censorii
996 1909 1113 1996 frater3
1131 1911 1187 2046 qui
1197 1935 1302 2004 quum
1317 1933 1337 1977 a
1352 1912 1463 1978 trium·

391 2019 470 2086 viris
497 2017 703 2112 proscriptus
727 2018 761 2086 in
783 2018 917 2111 regione
940 2015 1136 2086 salernitana
1175 2015 1314 2104 lateret,
1340 2015 1462 2086 delica-

390 2125 475 2193 tiore
501 2125 577 2192 vitae
606 2147 744 2218 genere,
764 2137 798 2192 et
819 2123 922 2192 odore
953 2125 1133 2218 unguenti,
1154 2121 1322 2192 occultam
1350 2122 1462 2192 salutis

390 2229 575 2299 custodiam
594 2229 738 2313 detexit;
756 2231 824 2299 istis
844 2231 932 2298 enim
953 2231 1115 2324 vestigiis,
1134 2255 1267 2317 eorum,
1283 2231 1343 2324 qui
1364 2231 1462 2299 mise-

391 2361 447 2406 ros
468 2337 771 2431 persequebantur,
794 2361 893 2432 sagax
918 2336 1054 2406 inducta
1076 2361 1172 2424 cura,
1203 2336 1355 2404 abditum
1376 2337 1461 2432 fuga

390 2441 475 2512 illius
496 2442 603 2512 cubile
629 2443 767 2512 odorata
793 2459 869 2512 est:
897 2444 1058 2538 aquibus
1085 2443 1318 2537 comprehensi
1342 2448 1429 2512 servi
1439 2431 1461 2530 ⁵,

390 2547 597 2642 multumque
619 2573 658 2617 ac
683 2549 739 2617 diu
761 2551 858 2637 torti,
876 2551 1059 2646 negabant,
1079 2575 1117 2619 se
1137 2553 1224 2618 scire
1233 2597 1245 2633 ,
1273 2549 1334 2619 nbi
1350 2551 1459 2619 alermi·

389 2679 454 2724 nus
471 2671 568 2724 esset.
588 2657 666 2725 Non
684 2657 837 2724 sustinuit
852 2656 970 2725 deinde
984 2655 1143 2744 Plancus,
1156 2671 1225 2725 tam
1243 2655 1350 2725 fideles
1370 2671 1455 2724 tam-

389 2787 454 2856 que
477 2761 554 2830 boni
576 2761 716 2857 exempli
739 2787 851 2832 servos
873 2761 1010 2834 ulterius
1037 2765 1197 2848 cruciari;
1221 2763 1272 2832 sed
1290 2765 1450 2856 processit

389 2869 423 2936 in
451 2867 617 2958 medium,
638 2867 857 2964 jugulumque
884 2869 998 2966 gladiis
1029 2869 1171 2941 militum
1198 2871 1323 2964 objecit.
1345 2867 1451 2957 Quod

433 3087 456 3122 1.
471 3071 565 3121 Patrioe
575 3075 691 3139 parentis.
707 3069 761 3122 Jul.
776 3069 899 3123 Caesaris:
945 3071 1045 3136 currit,
1061 3071 1089 3123 in
1105 3071 1214 3123 tertium
1230 3083 1377 3125 mutarunt.
1386 3067 1458 3122 Vide

378 3147 478 3220 „Victor
487 3152 543 3219 pius
552 3163 590 3200 est
608 3149 732 3202 Octavius.
945 3153 1036 3204 Senec.
1047 3149 1185 3216 TroadV,
1198 3151 1271 3214 3133
1285 3153 1354 3222 Nep.
1366 3151 1419 3216 IV,
1429 3158 1457 3219 4,

431 3247 456 3282 a.
472 3229 509 3282 Tu
514 3231 635 3299 profecto,
647 3241 681 3280 ta.
689 3229 768 3282 Multi
780 3229 858 3282 codd.
875 3241 900 3282 tn
947 3233 978 3297 53
992 3233 1089 3298 XVII,
1110 3239 1141 3296 a,
1156 3232 1182 3283 8.
1204 3232 1261 3286 Cic.
1279 3251 1331 3304 pro
1351 3231 1456 3296 Flacco,

385 3309 569 3378 prefectorum,
578 3306 822 3381 quodnonspernit
831 3311 899 3363 Tor·
946 3319 996 3376 aa,
1015 3315 1076 3366 ποθ.

387 3388 603 3442 ren.——Ausr'lii.
609 3389 736 3442 Auxilium
743 3407 792 3460 pro
800 3391 900 3461 eo,qui
985 3391 1011 3443 3.
1022 3393 1136 3448 Plancus.
1150 3395 1200 3448 Aa.
1212 3395 1247 3446 U.
1260 3411 1330 3464 7¹⁰·
1343 3393 1458 3456 Plinius,

388 3469 439 3520 fert
450 3486 457 3520 :
469 3468 606 3530 sordidum,
621 3480 755 3539 tamquam
769 3471 847 3523 serui.
857 3474 899 3522 An
943 3471 1026 3528 xsst.
1047 3472 1080 3538 3;
1094 3473 1177 3528 Solia.
1194 3474 1296 3528 XLVI.

389 3547 552 3618 implorauit,
568 3567 600 3600 an
617 3548 745 3617 injussus
762 3567 838 3602 servo
852 3569 899 3603 ne·
985 3557 1011 3613 d.
1032 3552 1195 3607 Salernitana.
1212 3553 1354 3606 Salernum
1368 3553 1458 3606 civitas

387 3639 460 3680 catus
470 3627 601 3695 sit,sunt,
610 3629 656 3698 qui
665 3627 799 3682 dubitent.
807 3630 899 3694 Quum
942 3631 1065 3683 Lucania
1078 3633 1265 3698 Picentorum,
1277 3633 1327 3684 ubi
1340 3645 1403 3684 ante
1416 3633 1458 3683 ali·

387 3708 537 3777 αὐτοχειρίαν
564 3709 591 3760 in
615 3707 696 3760 animi
716 3708 898 3778 magnitudine
942 3723 1008 3780 quot
1023 3711 1109 3765 secula
1125 3713 1251 3766 inclaruit
1267 3711 1359 3764 schola
1380 3711 1459 3763 saler-

386 3799 516 3858 ponerent
524 3800 637 3851 veteres,
647 3787 727 3840 etiam
738 3789 817 3858 paulo
837 3801 898 3842 ante
941 3791 1040 3844 nitana.

386 3868 482 3919 lortius
494 3867 583 3920 secisse
594 3867 745 3920 Gracchum
755 3868 899 3938 significat,
983 3872 1009 3924 5.
1019 3871 1096 3924 Serri.
1107 3872 1186 3924 Multi
1194 3872 1271 3925 MSS.
1281 3869 1409 3924 additum
1416 3891 1458 3924 ea·

386 3948 407 3998 si
423 3965 450 3998 se
463 3947 518 4016 ipse
534 3947 718 4012 interfecisset,
734 3966 813 4019 quam
825 3947 897 4019 quod
941 3949 1035 4003 bibent
1046 3952 1158 4018 tatanus,
1172 3953 1216 4004 alii
1229 3953 1320 4012 lutens,
1332 3951 1410 4005 Med.
1421 3953 1458 4002 la·

384 4043 462 4077 servo
468 4025 583 4078 cervices
590 4027 828 4098 praebuitVetercs
835 4027 896 4080 edd.
942 4035 1019 4090 tentis,
1033 4029 1107 4100 quod
1117 4035 1265 4103 conjecerat
1272 4032 1457 4103 Perinetpro·

385 4104 484 4156 babent
497 4105 600 4157 sordidis
613 4108 725 4158 aruntis:
735 4106 808 4178 quod
821 4109 898 4160 libra·
940 4109 986 4160 bat
998 4110 1163 4183 Torr.;quia
1175 4110 1244 4166 dixit
1255 4123 1349 4165 auctor
1361 4125 1454 4171 antea.

384 4184 418 4239 rii
430 4201 518 4236 casuro
531 4184 690 4252 secundum,
700 4187 747 4258 qui
758 4188 844 4240 rarior
855 4207 898 4241 oc·
941 4207 1002 4241 eum
1014 4191 1120 4245 latuisse
1137 4193 1164 4244 in
1179 4192 1241 4245 villa
1256 4191 1433 4245 Salernitana.
