<?xml version="1.0" encoding="UTF-8"?>
<!DOCTYPE html PUBLIC "-//W3C//DTD XHTML 1.0 Transitional//EN"
    "http://www.w3.org/TR/xhtml1/DTD/xhtml1-transitional.dtd">
<html xmlns="http://www.w3.org/1999/xhtml" xml:lang="en" lang="en">
 <head>
  <title>
</title>
<meta http-equiv="Content-Type" content="text/html;charset=utf-8" />
  <meta name='ocr-system' content='tesseract 3.04.00' />
  <meta name='ocr-capabilities' content='ocr_page ocr_carea ocr_par ocr_line ocrx_word'/>
</head>
<body>
  <div class='ocr_page' id='page_1' title='image "./valeriusmaximus01lykogoog_0354.png"; bbox 0 0 3190 5122; ppageno 0'>
   <div class='ocr_carea' id='block_1_1' title="bbox 271 531 1197 630">
    <p class='ocr_par' dir='ltr' id='par_1_1' title="bbox 271 531 1197 630">
     <span class='ocr_line' id='line_1_1' title="bbox 271 531 1197 630; baseline -0.001 -26"><span class='ocrx_word' id='word_1_1' title='bbox 271 536 379 604; x_wconf 90' lang='lat' dir='ltr'><strong>CAP.</strong></span> <span class='ocrx_word' id='word_1_2' title='bbox 403 535 528 618; x_wconf 89' lang='lat' dir='ltr'>VIII,</span> <span class='ocrx_word' id='word_1_3' title='bbox 557 533 627 602; x_wconf 88' lang='lat' dir='ltr'><strong>DE</strong></span> <span class='ocrx_word' id='word_1_4' title='bbox 655 531 1058 601; x_wconf 77' lang='lat' dir='ltr'>LIBERALITATE.</span> <span class='ocrx_word' id='word_1_5' title='bbox 1121 531 1197 630; x_wconf 81' lang='lat'><strong>329</strong></span> 
     </span>
    </p>
   </div>
   <div class='ocr_carea' id='block_1_2' title="bbox 133 662 1200 1502">
    <p class='ocr_par' dir='ltr' id='par_1_2' title="bbox 133 662 1200 1502">
     <span class='ocr_line' id='line_1_2' title="bbox 133 662 1198 761; baseline -0.003 -24"><span class='ocrx_word' id='word_1_6' title='bbox 133 668 276 737; x_wconf 87' lang='lat' dir='ltr'><strong>mininus</strong></span> <span class='ocrx_word' id='word_1_7' title='bbox 288 667 375 736; x_wconf 84' lang='lat' dir='ltr'><strong>tubae</strong></span> <span class='ocrx_word' id='word_1_8' title='bbox 388 666 482 761; x_wconf 82' lang='lat' dir='ltr'><strong>signo</strong></span> <span class='ocrx_word' id='word_1_9' title='bbox 497 662 625 734; x_wconf 87' lang='lat' dir='ltr'><strong>silentio</strong></span> <span class='ocrx_word' id='word_1_10' title='bbox 636 663 808 759; x_wconf 86' lang='lat' dir='ltr'><strong>facto,per</strong></span> <span class='ocrx_word' id='word_1_11' title='bbox 817 689 1001 758; x_wconf 78' lang='lat' dir='ltr'><strong>praeconem</strong></span> <span class='ocrx_word' id='word_1_12' title='bbox 1014 665 1086 734; x_wconf 75' lang='lat' dir='ltr'><strong>hac</strong></span> <span class='ocrx_word' id='word_1_13' title='bbox 1095 666 1198 734; x_wconf 88' lang='lat' dir='ltr'><strong>verba</strong></span> 
     </span>
     <span class='ocr_line' id='line_1_3' title="bbox 134 771 1197 867; baseline -0.001 -25"><span class='ocrx_word' id='word_1_14' title='bbox 134 775 265 844; x_wconf 89' lang='lat' dir='ltr'><strong>recitari</strong></span> <span class='ocrx_word' id='word_1_15' title='bbox 284 773 380 867; x_wconf 86' lang='lat' dir='ltr'><strong>jussit</strong></span> <span class='ocrx_word' id='word_1_16' title='bbox 402 799 410 840; x_wconf 77' lang='grc' dir='ltr'><strong><em>ε</em></strong></span> <span class='ocrx_word' id='word_1_17' title='bbox 438 775 498 842; x_wconf 73' lang='lat' dir='ltr'><strong>«S.</strong></span> <span class='ocrx_word' id='word_1_18' title='bbox 519 774 552 840; x_wconf 88' lang='lat' dir='ltr'><strong>P.</strong></span> <span class='ocrx_word' id='word_1_19' title='bbox 575 773 617 860; x_wconf 88' lang='lat' dir='ltr'><strong>Q.</strong></span> <span class='ocrx_word' id='word_1_20' title='bbox 637 774 678 839; x_wconf 89' lang='lat' dir='ltr'><strong>R.</strong></span> <span class='ocrx_word' id='word_1_21' title='bbox 695 786 728 839; x_wconf 91' lang='lat' dir='ltr'><strong>et</strong></span> <span class='ocrx_word' id='word_1_22' title='bbox 745 775 781 838; x_wconf 92' lang='lat' dir='ltr'><strong>T.</strong></span> <span class='ocrx_word' id='word_1_23' title='bbox 801 773 976 860; x_wconf 82' lang='lat' dir='ltr'><strong>Quinctius</strong></span> <span class='ocrx_word' id='word_1_24' title='bbox 994 771 1197 841; x_wconf 88' lang='lat' dir='ltr'><strong>Flamininus</strong></span> 
     </span>
     <span class='ocr_line' id='line_1_4' title="bbox 134 877 1199 975; baseline -0.003 -26"><span class='ocrx_word' id='word_1_25' title='bbox 134 883 317 975; x_wconf 83' lang='lat' dir='ltr'><strong>imperator</strong></span> <span class='ocrx_word' id='word_1_26' title='bbox 329 905 445 950; x_wconf 87' lang='lat' dir='ltr'><strong>omnes</strong></span> <span class='ocrx_word' id='word_1_27' title='bbox 462 881 599 948; x_wconf 76' lang='lat' dir='ltr'><strong>Grasciae</strong></span> <span class='ocrx_word' id='word_1_28' title='bbox 619 879 735 965; x_wconf 88' lang='lat' dir='ltr'><strong>urbes,</strong></span> <span class='ocrx_word' id='word_1_29' title='bbox 746 903 818 971; x_wconf 82' lang='lat' dir='ltr'><strong>quae</strong></span> <span class='ocrx_word' id='word_1_30' title='bbox 840 878 901 946; x_wconf 91' lang='lat' dir='ltr'><strong>sub</strong></span> <span class='ocrx_word' id='word_1_31' title='bbox 917 877 1040 970; x_wconf 70' lang='lat' dir='ltr'><strong>ditione</strong></span> <span class='ocrx_word' id='word_1_32' title='bbox 1054 879 1199 974; x_wconf 91' lang='lat' dir='ltr'><strong>Philippi</strong></span> 
     </span>
     <span class='ocr_line' id='line_1_5' title="bbox 134 984 1198 1080; baseline 0.001 -26"><span class='ocrx_word' id='word_1_33' title='bbox 134 989 220 1080; x_wconf 82' lang='lat' dir='ltr'><strong>regis</strong></span> <span class='ocrx_word' id='word_1_34' title='bbox 235 988 386 1072; x_wconf 87' lang='lat' dir='ltr'><strong>fuerunt,</strong></span> <span class='ocrx_word' id='word_1_35' title='bbox 397 984 516 1054; x_wconf 89' lang='lat' dir='ltr'><strong>liberas</strong></span> <span class='ocrx_word' id='word_1_36' title='bbox 531 1001 630 1080; x_wconf 89' lang='lat' dir='ltr'><strong>atque</strong></span> <span class='ocrx_word' id='word_1_37' title='bbox 645 985 825 1054; x_wconf 87' lang='lat' dir='ltr'><strong>immunes¹</strong></span> <span class='ocrx_word' id='word_1_38' title='bbox 842 1009 911 1052; x_wconf 87' lang='lat' dir='ltr'><strong>esse</strong></span> <span class='ocrx_word' id='word_1_39' title='bbox 925 985 1050 1078; x_wconf 77' lang='lat' dir='ltr'><strong>jubet.»</strong></span> <span class='ocrx_word' id='word_1_40' title='bbox 1068 986 1198 1074; x_wconf 88' lang='lat' dir='ltr'><strong>Quibus</strong></span> 
     </span>
     <span class='ocr_line' id='line_1_6' title="bbox 134 1090 1199 1187; baseline -0.002 -25"><span class='ocrx_word' id='word_1_41' title='bbox 134 1093 264 1181; x_wconf 90' lang='lat' dir='ltr'><strong>auditis,</strong></span> <span class='ocrx_word' id='word_1_42' title='bbox 271 1097 415 1163; x_wconf 83' lang='lat' dir='ltr'><strong>maximo</strong></span> <span class='ocrx_word' id='word_1_43' title='bbox 422 1107 456 1160; x_wconf 91' lang='lat' dir='ltr'><strong>et</strong></span> <span class='ocrx_word' id='word_1_44' title='bbox 463 1093 632 1186; x_wconf 88' lang='lat' dir='ltr'><strong>inopinato</strong></span> <span class='ocrx_word' id='word_1_45' title='bbox 640 1092 760 1187; x_wconf 81' lang='lat' dir='ltr'><strong>gaudio</strong></span> <span class='ocrx_word' id='word_1_46' title='bbox 767 1091 919 1160; x_wconf 90' lang='lat' dir='ltr'><strong>homines</strong></span> <span class='ocrx_word' id='word_1_47' title='bbox 929 1090 1082 1184; x_wconf 89' lang='lat' dir='ltr'><strong>perculsi,</strong></span> <span class='ocrx_word' id='word_1_48' title='bbox 1090 1095 1199 1186; x_wconf 89' lang='lat' dir='ltr'><strong>primo</strong></span> 
     </span>
     <span class='ocr_line' id='line_1_7' title="bbox 134 1197 1199 1293; baseline 0.001 -27"><span class='ocrx_word' id='word_1_49' title='bbox 134 1199 236 1268; x_wconf 86' lang='lat' dir='ltr'><strong>veluti</strong></span> <span class='ocrx_word' id='word_1_50' title='bbox 252 1227 321 1270; x_wconf 92' lang='lat' dir='ltr'><strong>non</strong></span> <span class='ocrx_word' id='word_1_51' title='bbox 339 1199 470 1269; x_wconf 84' lang='lat' dir='ltr'><strong>audisse</strong></span> <span class='ocrx_word' id='word_1_52' title='bbox 486 1225 536 1285; x_wconf 91' lang='lat' dir='ltr'><strong>se,</strong></span> <span class='ocrx_word' id='word_1_53' title='bbox 547 1225 620 1293; x_wconf 87' lang='lat' dir='ltr'><strong>quae</strong></span> <span class='ocrx_word' id='word_1_54' title='bbox 637 1199 824 1284; x_wconf 88' lang='lat' dir='ltr'><strong>audierant,</strong></span> <span class='ocrx_word' id='word_1_55' title='bbox 844 1197 1030 1286; x_wconf 88' lang='lat' dir='ltr'><strong>credentes,</strong></span> <span class='ocrx_word' id='word_1_56' title='bbox 1052 1199 1199 1286; x_wconf 87' lang='lat' dir='ltr'><strong>obticue-</strong></span> 
     </span>
     <span class='ocr_line' id='line_1_8' title="bbox 134 1305 1198 1398; baseline 0.001 -25"><span class='ocrx_word' id='word_1_57' title='bbox 134 1321 222 1374; x_wconf 91' lang='lat' dir='ltr'><strong>ruut.</strong></span> <span class='ocrx_word' id='word_1_58' title='bbox 245 1309 368 1376; x_wconf 77' lang='lat' dir='ltr'><strong>Iterato</strong></span> <span class='ocrx_word' id='word_1_59' title='bbox 389 1305 507 1374; x_wconf 87' lang='lat' dir='ltr'><strong>deinde</strong></span> <span class='ocrx_word' id='word_1_60' title='bbox 529 1306 796 1398; x_wconf 80' lang='lat' dir='ltr'><strong>pronuntiatione</strong></span> <span class='ocrx_word' id='word_1_61' title='bbox 818 1305 1002 1398; x_wconf 66' lang='lat' dir='ltr'><strong>praeconis,</strong></span> <span class='ocrx_word' id='word_1_62' title='bbox 1023 1319 1114 1373; x_wconf 87' lang='lat' dir='ltr'><strong>tanta</strong></span> <span class='ocrx_word' id='word_1_63' title='bbox 1137 1331 1198 1374; x_wconf 82' lang='lat' dir='ltr'><strong>cae-</strong></span> 
     </span>
     <span class='ocr_line' id='line_1_9' title="bbox 134 1409 1200 1502; baseline -0.001 -22"><span class='ocrx_word' id='word_1_64' title='bbox 134 1411 205 1480; x_wconf 88' lang='lat' dir='ltr'><strong>lum</strong></span> <span class='ocrx_word' id='word_1_65' title='bbox 226 1411 383 1482; x_wconf 89' lang='lat' dir='ltr'><strong>clamoris</strong></span> <span class='ocrx_word' id='word_1_66' title='bbox 404 1410 574 1479; x_wconf 80' lang='lat' dir='ltr'><strong>alacritate</strong></span> <span class='ocrx_word' id='word_1_67' title='bbox 596 1409 862 1502; x_wconf 80' lang='lat' dir='ltr'><strong>compleverunt,</strong></span> <span class='ocrx_word' id='word_1_68' title='bbox 884 1425 922 1478; x_wconf 92' lang='lat' dir='ltr'><strong>ut</strong></span> <span class='ocrx_word' id='word_1_69' title='bbox 941 1424 1032 1480; x_wconf 90' lang='lat' dir='ltr'><strong>certo</strong></span> <span class='ocrx_word' id='word_1_70' title='bbox 1051 1426 1200 1496; x_wconf 89' lang='lat' dir='ltr'><strong>constet,</strong></span> 
     </span>
    </p>
   </div>
   <div class='ocr_carea' id='block_1_3' title="bbox 29 1515 1199 1613">
    <p class='ocr_par' dir='ltr' id='par_1_3' title="bbox 29 1515 1199 1613">
     <span class='ocr_line' id='line_1_10' title="bbox 29 1515 1199 1613; baseline -0.003 -25"><span class='ocrx_word' id='word_1_71' title='bbox 29 1573 34 1588; x_wconf 78' lang='lat'><strong>.</strong></span> <span class='ocrx_word' id='word_1_72' title='bbox 135 1543 229 1604; x_wconf 82' lang='lat' dir='ltr'><strong>aves,</strong></span> <span class='ocrx_word' id='word_1_73' title='bbox 244 1545 317 1613; x_wconf 77' lang='lat' dir='ltr'><strong>quae</strong></span> <span class='ocrx_word' id='word_1_74' title='bbox 335 1515 610 1612; x_wconf 83' lang='lat' dir='ltr'><strong>supervolabant,</strong></span> <span class='ocrx_word' id='word_1_75' title='bbox 625 1517 781 1584; x_wconf 85' lang='lat' dir='ltr'><strong>attonitas</strong></span> <span class='ocrx_word' id='word_1_76' title='bbox 797 1530 1018 1609; x_wconf 88' lang='lat' dir='ltr'><strong>paventesque</strong></span> <span class='ocrx_word' id='word_1_77' title='bbox 1032 1515 1199 1585; x_wconf 88' lang='lat' dir='ltr'><strong>decidisse.</strong></span> 
     </span>
    </p>
   </div>
   <div class='ocr_carea' id='block_1_4' title="bbox 134 1621 1256 2328">
    <p class='ocr_par' dir='ltr' id='par_1_4' title="bbox 134 1621 1256 2328">
     <span class='ocr_line' id='line_1_11' title="bbox 134 1621 1200 1718; baseline -0.001 -26"><span class='ocrx_word' id='word_1_78' title='bbox 134 1627 251 1718; x_wconf 83' lang='lat' dir='ltr'><strong>Magni</strong></span> <span class='ocrx_word' id='word_1_79' title='bbox 271 1626 372 1693; x_wconf 86' lang='lat' dir='ltr'><strong>animi</strong></span> <span class='ocrx_word' id='word_1_80' title='bbox 387 1623 530 1691; x_wconf 86' lang='lat' dir='ltr'><strong>luisseta</strong></span> <span class='ocrx_word' id='word_1_81' title='bbox 546 1636 594 1690; x_wconf 91' lang='lat' dir='ltr'><strong>tot</strong></span> <span class='ocrx_word' id='word_1_82' title='bbox 609 1624 816 1715; x_wconf 86' lang='lat' dir='ltr'><strong>captivorum</strong></span> <span class='ocrx_word' id='word_1_83' title='bbox 830 1621 991 1715; x_wconf 87' lang='lat' dir='ltr'><strong>capitibus</strong></span> <span class='ocrx_word' id='word_1_84' title='bbox 1008 1625 1200 1692; x_wconf 88' lang='lat' dir='ltr'><strong>servitutem</strong></span> 
     </span>
     <span class='ocr_line' id='line_1_12' title="bbox 134 1727 1200 1822; baseline -0.002 -24"><span class='ocrx_word' id='word_1_85' title='bbox 134 1731 333 1816; x_wconf 84' lang='lat' dir='ltr'><strong>detraxisse,</strong></span> <span class='ocrx_word' id='word_1_86' title='bbox 351 1743 433 1822; x_wconf 91' lang='lat' dir='ltr'><strong>quot</strong></span> <span class='ocrx_word' id='word_1_87' title='bbox 451 1743 531 1796; x_wconf 92' lang='lat' dir='ltr'><strong>tunc</strong></span> <span class='ocrx_word' id='word_1_88' title='bbox 552 1727 762 1796; x_wconf 83' lang='lat' dir='ltr'><strong>nobilissimis</strong></span> <span class='ocrx_word' id='word_1_89' title='bbox 777 1741 811 1796; x_wconf 86' lang='lat' dir='ltr'><strong>et</strong></span> <span class='ocrx_word' id='word_1_90' title='bbox 831 1727 1084 1822; x_wconf 88' lang='lat' dir='ltr'><strong>opulentissimis</strong></span> <span class='ocrx_word' id='word_1_91' title='bbox 1107 1729 1200 1796; x_wconf 92' lang='lat' dir='ltr'><strong>urbi-</strong></span> 
     </span>
     <span class='ocr_line' id='line_1_13' title="bbox 134 1833 1202 1929; baseline 0 -25"><span class='ocrx_word' id='word_1_92' title='bbox 134 1837 199 1904; x_wconf 91' lang='lat' dir='ltr'><strong>bus</strong></span> <span class='ocrx_word' id='word_1_93' title='bbox 226 1835 368 1929; x_wconf 91' lang='lat' dir='ltr'><strong>populus</strong></span> <span class='ocrx_word' id='word_1_94' title='bbox 395 1857 552 1902; x_wconf 89' lang='lat' dir='ltr'><strong>romanus</strong></span> <span class='ocrx_word' id='word_1_95' title='bbox 573 1833 757 1902; x_wconf 86' lang='lat' dir='ltr'><strong>libertatem</strong></span> <span class='ocrx_word' id='word_1_96' title='bbox 785 1833 921 1929; x_wconf 81' lang='lat' dir='ltr'><strong>largitus</strong></span> <span class='ocrx_word' id='word_1_97' title='bbox 947 1849 1004 1902; x_wconf 85' lang='lat' dir='ltr'><strong>est.</strong></span> <span class='ocrx_word' id='word_1_98' title='bbox 1034 1835 1086 1904; x_wconf 89' lang='lat' dir='ltr'><strong>Ad</strong></span> <span class='ocrx_word' id='word_1_99' title='bbox 1108 1835 1202 1928; x_wconf 89' lang='lat' dir='ltr'><strong>cujus</strong></span> 
     </span>
     <span class='ocr_line' id='line_1_14' title="bbox 134 1931 1256 2034; baseline 0.001 -25"><span class='ocrx_word' id='word_1_100' title='bbox 134 1943 341 2033; x_wconf 87' lang='lat' dir='ltr'><strong>majestatem</strong></span> <span class='ocrx_word' id='word_1_101' title='bbox 355 1941 515 2034; x_wconf 86' lang='lat' dir='ltr'><strong>pertinet,</strong></span> <span class='ocrx_word' id='word_1_102' title='bbox 530 1965 598 2010; x_wconf 90' lang='lat' dir='ltr'><strong>uon</strong></span> <span class='ocrx_word' id='word_1_103' title='bbox 614 1939 720 2009; x_wconf 90' lang='lat' dir='ltr'><strong>solum</strong></span> <span class='ocrx_word' id='word_1_104' title='bbox 737 1965 809 2033; x_wconf 82' lang='lat' dir='ltr'><strong>quae</strong></span> <span class='ocrx_word' id='word_1_105' title='bbox 828 1944 897 2034; x_wconf 85' lang='lat' dir='ltr'><strong>ipse</strong></span> <span class='ocrx_word' id='word_1_106' title='bbox 914 1940 1055 2034; x_wconf 82' lang='lat' dir='ltr'><strong>benigne</strong></span> <span class='ocrx_word' id='word_1_107' title='bbox 1069 1943 1202 2030; x_wconf 88' lang='lat' dir='ltr'><strong>tribuit,</strong></span> <span class='ocrx_word' id='word_1_108' title='bbox 1245 1931 1256 1946; x_wconf 73' lang='grc'>’</span> 
     </span>
     <span class='ocr_line' id='line_1_15' title="bbox 137 2031 1201 2140; baseline 0.001 -25"><span class='ocrx_word' id='word_1_109' title='bbox 137 2047 195 2115; x_wconf 91' lang='lat' dir='ltr'><strong>sed</strong></span> <span class='ocrx_word' id='word_1_110' title='bbox 225 2049 323 2114; x_wconf 88' lang='lat' dir='ltr'><strong>etiam</strong></span> <span class='ocrx_word' id='word_1_111' title='bbox 345 2067 417 2140; x_wconf 76' lang='lat' dir='ltr'><strong>quae</strong></span> <span class='ocrx_word' id='word_1_112' title='bbox 437 2031 503 2116; x_wconf 82' lang='lat' dir='ltr'><strong>alio</strong></span> <span class='ocrx_word' id='word_1_113' title='bbox 534 2047 699 2116; x_wconf 87' lang='lat' dir='ltr'><strong>tribuente</strong></span> <span class='ocrx_word' id='word_1_114' title='bbox 721 2048 821 2114; x_wconf 89' lang='lat' dir='ltr'><strong>sensit</strong></span> <span class='ocrx_word' id='word_1_115' title='bbox 829 2044 851 2129; x_wconf 89' lang='lat'><strong>²,</strong></span> <span class='ocrx_word' id='word_1_116' title='bbox 870 2049 1142 2134; x_wconf 89' lang='lat' dir='ltr'><strong>commemorari;</strong></span> <span class='ocrx_word' id='word_1_117' title='bbox 1163 2062 1201 2116; x_wconf 91' lang='lat' dir='ltr'><strong>ut</strong></span> 
     </span>
     <span class='ocr_line' id='line_1_16' title="bbox 136 2139 1201 2242; baseline -0.001 -20"><span class='ocrx_word' id='word_1_118' title='bbox 136 2155 225 2222; x_wconf 88' lang='lat' dir='ltr'><strong>euim</strong></span> <span class='ocrx_word' id='word_1_119' title='bbox 242 2151 306 2222; x_wconf 95' lang='lat' dir='ltr'><strong>illic</strong></span> <span class='ocrx_word' id='word_1_120' title='bbox 322 2155 661 2242; x_wconf 82' lang='lat' dir='ltr'><strong>commemoratae,ita</strong></span> <span class='ocrx_word' id='word_1_121' title='bbox 681 2153 735 2222; x_wconf 93' lang='lat' dir='ltr'><strong>hic</strong></span> <span class='ocrx_word' id='word_1_122' title='bbox 751 2139 906 2221; x_wconf 79' lang='lat' dir='ltr'><strong>redditae³</strong></span> <span class='ocrx_word' id='word_1_123' title='bbox 917 2152 1021 2222; x_wconf 88' lang='lat' dir='ltr'><strong>laudis</strong></span> <span class='ocrx_word' id='word_1_124' title='bbox 1033 2178 1201 2223; x_wconf 89' lang='lat' dir='ltr'><strong>commen·</strong></span> 
     </span>
     <span class='ocr_line' id='line_1_17' title="bbox 136 2259 302 2328; baseline 0 0"><span class='ocrx_word' id='word_1_125' title='bbox 136 2259 228 2328; x_wconf 90' lang='lat' dir='ltr'><strong>datio</strong></span> <span class='ocrx_word' id='word_1_126' title='bbox 244 2273 302 2328; x_wconf 88' lang='lat' dir='ltr'><strong>est.</strong></span> 
     </span>
    </p>
   </div>
   <div class='ocr_carea' id='block_1_5' title="bbox 297 2415 1049 2472">
    <p class='ocr_par' dir='ltr' id='par_1_5' title="bbox 297 2415 1049 2472">
     <span class='ocr_line' id='line_1_18' title="bbox 297 2415 1049 2472; baseline 0.004 -4"><span class='ocrx_word' id='word_1_127' title='bbox 297 2417 350 2468; x_wconf 86' lang='lat' dir='ltr'><strong>DE</strong></span> <span class='ocrx_word' id='word_1_128' title='bbox 377 2415 703 2471; x_wconf 80' lang='lat' dir='ltr'>LIBERALITATE</span> <span class='ocrx_word' id='word_1_129' title='bbox 730 2417 1049 2472; x_wconf 83' lang='lat' dir='ltr'>EXTEIINOIIUM.</span> 
     </span>
    </p>
   </div>
   <div class='ocr_carea' id='block_1_6' title="bbox 136 2537 1202 3072">
    <p class='ocr_par' dir='ltr' id='par_1_6' title="bbox 136 2537 1202 3072">
     <span class='ocr_line' id='line_1_19' title="bbox 197 2537 1201 2650; baseline 0.005 -31"><span class='ocrx_word' id='word_1_130' title='bbox 197 2575 225 2619; x_wconf 93' lang='lat'><strong>1.</strong></span> <span class='ocrx_word' id='word_1_131' title='bbox 254 2537 377 2620; x_wconf 58' lang='lat' dir='ltr'><strong>Hiero*</strong></span> <span class='ocrx_word' id='word_1_132' title='bbox 397 2554 680 2650; x_wconf 86' lang='lat' dir='ltr'><strong>Syracusanorum</strong></span> <span class='ocrx_word' id='word_1_133' title='bbox 699 2554 901 2640; x_wconf 79' lang='lat' dir='ltr'><strong>retr,audita</strong></span> <span class='ocrx_word' id='word_1_134' title='bbox 922 2553 1034 2641; x_wconf 84' lang='lat' dir='ltr'><strong>clade,</strong></span> <span class='ocrx_word' id='word_1_135' title='bbox 1049 2579 1114 2648; x_wconf 88' lang='lat' dir='ltr'><strong>qua</strong></span> <span class='ocrx_word' id='word_1_136' title='bbox 1134 2556 1201 2624; x_wconf 86' lang='lat' dir='ltr'><strong>Ro·</strong></span> 
     </span>
     <span class='ocr_line' id='line_1_20' title="bbox 136 2657 1201 2751; baseline 0.002 -25"><span class='ocrx_word' id='word_1_137' title='bbox 136 2659 227 2726; x_wconf 90' lang='lat' dir='ltr'><strong>mani</strong></span> <span class='ocrx_word' id='word_1_138' title='bbox 250 2657 337 2751; x_wconf 91' lang='lat' dir='ltr'><strong>apud</strong></span> <span class='ocrx_word' id='word_1_139' title='bbox 366 2659 595 2728; x_wconf 90' lang='lat' dir='ltr'><strong>Trasimenum</strong></span> <span class='ocrx_word' id='word_1_140' title='bbox 624 2658 732 2728; x_wconf 92' lang='lat' dir='ltr'><strong>laeum</strong></span> <span class='ocrx_word' id='word_1_141' title='bbox 765 2674 860 2730; x_wconf 89' lang='lat' dir='ltr'><strong>erant</strong></span> <span class='ocrx_word' id='word_1_142' title='bbox 892 2659 1024 2746; x_wconf 86' lang='lat' dir='ltr'><strong>aillieti,</strong></span> <span class='ocrx_word' id='word_1_143' title='bbox 1052 2675 1201 2730; x_wconf 89' lang='lat' dir='ltr'><strong>trecenta</strong></span> 
     </span>
     <span class='ocr_line' id='line_1_21' title="bbox 136 2763 1201 2862; baseline 0.006 -32"><span class='ocrx_word' id='word_1_144' title='bbox 136 2763 237 2831; x_wconf 89' lang='lat' dir='ltr'><strong>millia</strong></span> <span class='ocrx_word' id='word_1_145' title='bbox 256 2765 404 2834; x_wconf 87' lang='lat' dir='ltr'><strong>modium</strong></span> <span class='ocrx_word' id='word_1_146' title='bbox 426 2767 549 2852; x_wconf 91' lang='lat' dir='ltr'><strong>tritici,</strong></span> <span class='ocrx_word' id='word_1_147' title='bbox 564 2765 707 2835; x_wconf 89' lang='lat' dir='ltr'><strong>ducenta</strong></span> <span class='ocrx_word' id='word_1_148' title='bbox 726 2764 827 2834; x_wconf 88' lang='lat' dir='ltr'><strong>millia</strong></span> <span class='ocrx_word' id='word_1_149' title='bbox 844 2766 974 2854; x_wconf 90' lang='lat' dir='ltr'><strong>hordei,</strong></span> <span class='ocrx_word' id='word_1_150' title='bbox 987 2770 1121 2862; x_wconf 88' lang='lat' dir='ltr'><strong>aurique</strong></span> <span class='ocrx_word' id='word_1_151' title='bbox 1140 2768 1201 2836; x_wconf 89' lang='lat' dir='ltr'><strong>du-.</strong></span> 
     </span>
     <span class='ocr_line' id='line_1_22' title="bbox 137 2872 1201 2966; baseline 0.004 -28"><span class='ocrx_word' id='word_1_152' title='bbox 137 2885 234 2939; x_wconf 89' lang='lat' dir='ltr'><strong>centa</strong></span> <span class='ocrx_word' id='word_1_153' title='bbox 256 2885 289 2939; x_wconf 87' lang='lat' dir='ltr'><strong>et</strong></span> <span class='ocrx_word' id='word_1_154' title='bbox 318 2873 381 2939; x_wconf 86' lang='lat' dir='ltr'><strong>XL</strong></span> <span class='ocrx_word' id='word_1_155' title='bbox 405 2872 516 2966; x_wconf 91' lang='lat' dir='ltr'><strong>pondo</strong></span> <span class='ocrx_word' id='word_1_156' title='bbox 552 2873 626 2940; x_wconf 90' lang='lat' dir='ltr'><strong>urbi</strong></span> <span class='ocrx_word' id='word_1_157' title='bbox 653 2887 774 2942; x_wconf 76' lang='lat' dir='ltr'><strong>nostrae</strong></span> <span class='ocrx_word' id='word_1_158' title='bbox 806 2875 935 2942; x_wconf 89' lang='lat' dir='ltr'><strong>muneri</strong></span> <span class='ocrx_word' id='word_1_159' title='bbox 963 2875 1058 2942; x_wconf 89' lang='lat' dir='ltr'><strong>misit.</strong></span> <span class='ocrx_word' id='word_1_160' title='bbox 1087 2877 1201 2966; x_wconf 88' lang='lat' dir='ltr'><strong>Neque</strong></span> 
     </span>
     <span class='ocr_line' id='line_1_23' title="bbox 136 2966 1202 3072; baseline 0.005 -29"><span class='ocrx_word' id='word_1_161' title='bbox 136 2977 271 3072; x_wconf 89' lang='lat' dir='ltr'><strong>ignarus</strong></span> <span class='ocrx_word' id='word_1_162' title='bbox 282 2977 667 3072; x_wconf 78' lang='lat' dir='ltr'><strong>verecundiae&#39;majorurn</strong></span> <span class='ocrx_word' id='word_1_163' title='bbox 682 2993 891 3067; x_wconf 87' lang='lat' dir='ltr'><strong>nostrorum,</strong></span> <span class='ocrx_word' id='word_1_164' title='bbox 904 3005 946 3048; x_wconf 87' lang='lat' dir='ltr'><strong>ne</strong></span> <span class='ocrx_word' id='word_1_165' title='bbox 964 2966 1107 3047; x_wconf 82' lang='lat' dir='ltr'><strong>nollent⁵</strong></span> <span class='ocrx_word' id='word_1_166' title='bbox 1122 2981 1202 3048; x_wconf 89' lang='lat' dir='ltr'><strong>acci·</strong></span> 
     </span>
    </p>
   </div>
   <div class='ocr_carea' id='block_1_7' title="bbox 136 3163 1212 4273">
    <p class='ocr_par' dir='ltr' id='par_1_7' title="bbox 137 3163 1212 3320">
     <span class='ocr_line' id='line_1_24' title="bbox 181 3163 1202 3236; baseline 0.006 -20"><span class='ocrx_word' id='word_1_167' title='bbox 181 3183 206 3217; x_wconf 90' lang='lat'><strong>1.</strong></span> <span class='ocrx_word' id='word_1_168' title='bbox 214 3165 311 3216; x_wconf 70' lang='lat' dir='ltr'><strong>Liberos</strong></span> <span class='ocrx_word' id='word_1_169' title='bbox 321 3179 390 3236; x_wconf 81' lang='lat' dir='ltr'><strong>atqtoe</strong></span> <span class='ocrx_word' id='word_1_170' title='bbox 397 3171 514 3221; x_wconf 73' lang='lat' dir='ltr'><strong>dnmuues.</strong></span> <span class='ocrx_word' id='word_1_171' title='bbox 523 3167 585 3221; x_wconf 83' lang='lat' dir='ltr'><strong>Sine</strong></span> <span class='ocrx_word' id='word_1_172' title='bbox 594 3169 649 3221; x_wconf 89' lang='lat' dir='ltr'><strong>ullo</strong></span> <span class='ocrx_word' id='word_1_173' title='bbox 735 3175 762 3232; x_wconf 74' lang='grc'><strong>4.</strong></span> <span class='ocrx_word' id='word_1_174' title='bbox 771 3163 913 3222; x_wconf 68' lang='lat' dir='ltr'><strong>Hiem&#39;An.</strong></span> <span class='ocrx_word' id='word_1_175' title='bbox 923 3169 957 3221; x_wconf 89' lang='lat' dir='ltr'><strong>U.</strong></span> <span class='ocrx_word' id='word_1_176' title='bbox 970 3169 1035 3222; x_wconf 84' lang='lat'><strong>536·</strong></span> <span class='ocrx_word' id='word_1_177' title='bbox 1044 3169 1101 3221; x_wconf 88' lang='lat' dir='ltr'><strong>Liv.</strong></span> <span class='ocrx_word' id='word_1_178' title='bbox 1109 3169 1202 3236; x_wconf 85' lang='lat' dir='ltr'>XXII,</span> 
     </span>
     <span class='ocr_line' id='line_1_25' title="bbox 137 3242 1212 3320; baseline 0.004 -22"><span class='ocrx_word' id='word_1_179' title='bbox 137 3243 240 3298; x_wconf 88' lang='lat' dir='ltr'><strong>tributo</strong></span> <span class='ocrx_word' id='word_1_180' title='bbox 252 3258 279 3298; x_wconf 87' lang='lat' dir='ltr'><strong>et</strong></span> <span class='ocrx_word' id='word_1_181' title='bbox 288 3243 422 3315; x_wconf 87' lang='lat' dir='ltr'><strong>stipendio</strong></span> <span class='ocrx_word' id='word_1_182' title='bbox 432 3247 569 3302; x_wconf 84' lang='lat' dir='ltr'><strong>solvendo.</strong></span> <span class='ocrx_word' id='word_1_183' title='bbox 695 3249 741 3318; x_wconf 86' lang='lat'><strong>37.</strong></span> <span class='ocrx_word' id='word_1_184' title='bbox 760 3248 854 3312; x_wconf 80' lang='lat' dir='ltr'><strong>Hiero,</strong></span> <span class='ocrx_word' id='word_1_185' title='bbox 875 3249 922 3320; x_wconf 88' lang='lat' dir='ltr'><strong>qui</strong></span> <span class='ocrx_word' id='word_1_186' title='bbox 938 3246 1019 3301; x_wconf 84' lang='lat' dir='ltr'><strong>iidem</strong></span> <span class='ocrx_word' id='word_1_187' title='bbox 1033 3267 1136 3320; x_wconf 83' lang='lat' dir='ltr'><strong>semper</strong></span> <span class='ocrx_word' id='word_1_188' title='bbox 1148 3242 1212 3302; x_wconf 42' lang='lat' dir='ltr'><strong>Ro?</strong></span> 
     </span>
    </p>

    <p class='ocr_par' dir='ltr' id='par_1_8' title="bbox 136 3324 1204 3794">
     <span class='ocr_line' id='line_1_26' title="bbox 180 3324 1202 3394; baseline 0.007 -19"><span class='ocrx_word' id='word_1_189' title='bbox 180 3343 205 3376; x_wconf 80' lang='lat'><strong>2.</strong></span> <span class='ocrx_word' id='word_1_190' title='bbox 214 3324 392 3378; x_wconf 81' lang='lat' dir='ltr'><strong>Sed.....sensit.</strong></span> <span class='ocrx_word' id='word_1_191' title='bbox 404 3324 453 3378; x_wconf 87' lang='lat' dir='ltr'><strong>His</strong></span> <span class='ocrx_word' id='word_1_192' title='bbox 466 3328 553 3379; x_wconf 84' lang='lat' dir='ltr'><strong>verbis</strong></span> <span class='ocrx_word' id='word_1_193' title='bbox 564 3341 649 3380; x_wconf 82' lang='lat' dir='ltr'><strong>trans·</strong></span> <span class='ocrx_word' id='word_1_194' title='bbox 693 3329 776 3382; x_wconf 80' lang='lat' dir='ltr'><strong>inanis</strong></span> <span class='ocrx_word' id='word_1_195' title='bbox 792 3328 999 3382; x_wconf 78' lang='lat' dir='ltr'><strong>constantissime</strong></span> <span class='ocrx_word' id='word_1_196' title='bbox 1010 3329 1135 3394; x_wconf 83' lang='lat' dir='ltr'><strong>serravit,</strong></span> <span class='ocrx_word' id='word_1_197' title='bbox 1149 3347 1202 3382; x_wconf 88' lang='lat' dir='ltr'><strong>non</strong></span> 
     </span>
     <span class='ocr_line' id='line_1_27' title="bbox 137 3403 1203 3477; baseline 0.006 -21"><span class='ocrx_word' id='word_1_198' title='bbox 137 3403 207 3456; x_wconf 88' lang='lat' dir='ltr'><strong>itum</strong></span> <span class='ocrx_word' id='word_1_199' title='bbox 220 3404 269 3456; x_wconf 87' lang='lat' dir='ltr'><strong>sibi</strong></span> <span class='ocrx_word' id='word_1_200' title='bbox 280 3417 355 3474; x_wconf 84' lang='lat' dir='ltr'><strong>parat</strong></span> <span class='ocrx_word' id='word_1_201' title='bbox 368 3403 401 3456; x_wconf 82' lang='lat' dir='ltr'><strong>ad</strong></span> <span class='ocrx_word' id='word_1_202' title='bbox 410 3406 530 3476; x_wconf 83' lang='lat' dir='ltr'><strong>exempla</strong></span> <span class='ocrx_word' id='word_1_203' title='bbox 541 3425 650 3477; x_wconf 83' lang='lat' dir='ltr'><strong>sequen·</strong></span> <span class='ocrx_word' id='word_1_204' title='bbox 692 3408 826 3460; x_wconf 79' lang='lat' dir='ltr'><strong>frumento</strong></span> <span class='ocrx_word' id='word_1_205' title='bbox 846 3419 872 3460; x_wconf 86' lang='lat' dir='ltr'><strong>et</strong></span> <span class='ocrx_word' id='word_1_206' title='bbox 894 3427 960 3460; x_wconf 78' lang='lat' dir='ltr'><strong>suro</strong></span> <span class='ocrx_word' id='word_1_207' title='bbox 976 3420 1093 3472; x_wconf 84' lang='lat' dir='ltr'><strong>tanturn,</strong></span> <span class='ocrx_word' id='word_1_208' title='bbox 1112 3408 1157 3460; x_wconf 89' lang='lat' dir='ltr'><strong>sed</strong></span> <span class='ocrx_word' id='word_1_209' title='bbox 1177 3423 1203 3463; x_wconf 87' lang='lat' dir='ltr'><strong>et</strong></span> 
     </span>
     <span class='ocr_line' id='line_1_28' title="bbox 138 3483 1204 3562; baseline 0.008 -28"><span class='ocrx_word' id='word_1_210' title='bbox 138 3483 193 3546; x_wconf 86' lang='lat' dir='ltr'><strong>tia,</strong></span> <span class='ocrx_word' id='word_1_211' title='bbox 209 3483 235 3533; x_wconf 93' lang='lat' dir='ltr'><strong>in</strong></span> <span class='ocrx_word' id='word_1_212' title='bbox 250 3483 347 3554; x_wconf 84' lang='lat' dir='ltr'><strong>quibus</strong></span> <span class='ocrx_word' id='word_1_213' title='bbox 362 3503 416 3538; x_wconf 88' lang='lat' dir='ltr'><strong>nou</strong></span> <span class='ocrx_word' id='word_1_214' title='bbox 430 3488 611 3538; x_wconf 82' lang='lat' dir='ltr'><strong>Romanorum</strong></span> <span class='ocrx_word' id='word_1_215' title='bbox 621 3486 650 3538; x_wconf 87' lang='lat' dir='ltr'><strong>in</strong></span> <span class='ocrx_word' id='word_1_216' title='bbox 692 3487 803 3540; x_wconf 85' lang='lat' dir='ltr'><strong>consilio</strong></span> <span class='ocrx_word' id='word_1_217' title='bbox 820 3501 846 3540; x_wconf 85' lang='lat' dir='ltr'><strong>et</strong></span> <span class='ocrx_word' id='word_1_218' title='bbox 862 3500 959 3539; x_wconf 85' lang='lat' dir='ltr'><strong>armata</strong></span> <span class='ocrx_word' id='word_1_219' title='bbox 975 3505 1055 3539; x_wconf 84' lang='lat' dir='ltr'><strong>manu</strong></span> <span class='ocrx_word' id='word_1_220' title='bbox 1071 3506 1115 3540; x_wconf 86' lang='lat' dir='ltr'><strong>eos</strong></span> <span class='ocrx_word' id='word_1_221' title='bbox 1130 3487 1204 3562; x_wconf 79' lang='lat' dir='ltr'><strong>adju·</strong></span> 
     </span>
     <span class='ocr_line' id='line_1_29' title="bbox 136 3561 1202 3638; baseline 0.006 -23"><span class='ocrx_word' id='word_1_222' title='bbox 136 3562 219 3625; x_wconf 86' lang='lat' dir='ltr'><strong>alios,</strong></span> <span class='ocrx_word' id='word_1_223' title='bbox 229 3561 275 3614; x_wconf 90' lang='lat' dir='ltr'><strong>sed</strong></span> <span class='ocrx_word' id='word_1_224' title='bbox 288 3562 399 3616; x_wconf 88' lang='lat' dir='ltr'><strong>aliorum</strong></span> <span class='ocrx_word' id='word_1_225' title='bbox 407 3564 435 3616; x_wconf 87' lang='lat' dir='ltr'><strong>in</strong></span> <span class='ocrx_word' id='word_1_226' title='bbox 444 3567 577 3617; x_wconf 86' lang='lat' dir='ltr'><strong>Romanos</strong></span> <span class='ocrx_word' id='word_1_227' title='bbox 585 3565 650 3618; x_wconf 88' lang='lat' dir='ltr'><strong>libe·</strong></span> <span class='ocrx_word' id='word_1_228' title='bbox 692 3567 739 3618; x_wconf 80' lang='lat' dir='ltr'><strong>rit.</strong></span> <span class='ocrx_word' id='word_1_229' title='bbox 747 3568 904 3618; x_wconf 83' lang='lat' dir='ltr'><strong>-Darenta</strong></span> <span class='ocrx_word' id='word_1_230' title='bbox 912 3567 996 3617; x_wconf 85' lang='lat' dir='ltr'><strong>millia.</strong></span> <span class='ocrx_word' id='word_1_231' title='bbox 1007 3566 1064 3618; x_wconf 90' lang='lat' dir='ltr'><strong>Hoc</strong></span> <span class='ocrx_word' id='word_1_232' title='bbox 1074 3569 1202 3638; x_wconf 87' lang='lat' dir='ltr'><strong>posterius</strong></span> 
     </span>
     <span class='ocr_line' id='line_1_30' title="bbox 136 3641 1202 3717; baseline 0.006 -23"><span class='ocrx_word' id='word_1_233' title='bbox 136 3641 649 3716; x_wconf 51' lang='lat' dir='ltr'><strong>ralitasexpressa;verbicousequantur</strong></span> <span class='ocrx_word' id='word_1_234' title='bbox 693 3645 1202 3717; x_wconf 79' lang='lat' dir='ltr'><strong>milliaabestaplerisqneMSS.-Du·</strong></span> 
     </span>
     <span class='ocr_line' id='line_1_31' title="bbox 137 3720 1201 3794; baseline 0.008 -22"><span class='ocrx_word' id='word_1_235' title='bbox 137 3720 648 3778; x_wconf 78' lang='lat' dir='ltr'><strong>Hieroliberalitatisfueritinllomanos.</strong></span> <span class='ocrx_word' id='word_1_236' title='bbox 692 3737 760 3776; x_wconf 82' lang='lat' dir='ltr'><strong>centa</strong></span> <span class='ocrx_word' id='word_1_237' title='bbox 775 3727 824 3776; x_wconf 89' lang='lat' dir='ltr'><strong>XL</strong></span> <span class='ocrx_word' id='word_1_238' title='bbox 836 3726 925 3794; x_wconf 75' lang='lat' dir='ltr'><strong>pondo</strong></span> <span class='ocrx_word' id='word_1_239' title='bbox 944 3725 1034 3777; x_wconf 84' lang='lat' dir='ltr'><strong>Livius</strong></span> <span class='ocrx_word' id='word_1_240' title='bbox 1047 3727 1105 3780; x_wconf 89' lang='lat' dir='ltr'><strong>loco</strong></span> <span class='ocrx_word' id='word_1_241' title='bbox 1121 3729 1201 3782; x_wconf 87' lang='lat' dir='ltr'><strong>citato</strong></span> 
     </span>
    </p>

    <p class='ocr_par' dir='ltr' id='par_1_9' title="bbox 138 3801 1202 4273">
     <span class='ocr_line' id='line_1_32' title="bbox 181 3801 1170 3874; baseline 0.006 -20"><span class='ocrx_word' id='word_1_242' title='bbox 181 3801 207 3854; x_wconf 85' lang='lat'><strong>3.</strong></span> <span class='ocrx_word' id='word_1_243' title='bbox 223 3801 429 3864; x_wconf 72' lang='lat' dir='ltr'><strong>Commemoratur,</strong></span> <span class='ocrx_word' id='word_1_244' title='bbox 445 3808 480 3854; x_wconf 79' lang='lat' dir='ltr'><strong>r&#39;ea</strong></span> <span class='ocrx_word' id='word_1_245' title='bbox 491 3803 529 3854; x_wconf 82' lang='lat' dir='ltr'><strong>lu&#39;c</strong></span> <span class='ocrx_word' id='word_1_246' title='bbox 539 3804 648 3856; x_wconf 72' lang='lat' dir='ltr'><strong>redditas.</strong></span> <span class='ocrx_word' id='word_1_247' title='bbox 693 3802 1066 3874; x_wconf 82' lang='lat' dir='ltr'><strong>auripondoCCCXXfuisse</strong></span> <span class='ocrx_word' id='word_1_248' title='bbox 1082 3807 1170 3860; x_wconf 84' lang='lat' dir='ltr'><strong>refert.</strong></span> 
     </span>
     <span class='ocr_line' id='line_1_33' title="bbox 138 3879 1202 3958; baseline 0.008 -26"><span class='ocrx_word' id='word_1_249' title='bbox 138 3879 211 3958; x_wconf 77' lang='lat' dir='ltr'><strong>Pro:</strong></span> <span class='ocrx_word' id='word_1_250' title='bbox 226 3889 424 3943; x_wconf 66' lang='lat' dir='ltr'><strong>commemoratae}</strong></span> <span class='ocrx_word' id='word_1_251' title='bbox 440 3883 483 3934; x_wconf 84' lang='lat' dir='ltr'><strong>alii</strong></span> <span class='ocrx_word' id='word_1_252' title='bbox 496 3883 598 3934; x_wconf 81' lang='lat' dir='ltr'><strong>eollatoe.</strong></span> <span class='ocrx_word' id='word_1_253' title='bbox 612 3885 649 3936; x_wconf 86' lang='lat' dir='ltr'><strong>Ao</strong></span> <span class='ocrx_word' id='word_1_254' title='bbox 735 3883 910 3935; x_wconf 61' lang='lat' dir='ltr'><strong>salemum.</strong></span> <span class='ocrx_word' id='word_1_255' title='bbox 920 3884 1202 3954; x_wconf 67' lang='lat' dir='ltr'><strong>Italegendummon,</strong></span> 
     </span>
     <span class='ocr_line' id='line_1_34' title="bbox 139 3961 1200 4034; baseline 0.01 -24"><span class='ocrx_word' id='word_1_256' title='bbox 139 3965 258 4030; x_wconf 72' lang='lat' dir='ltr'><strong>repetita,</strong></span> <span class='ocrx_word' id='word_1_257' title='bbox 277 3981 327 4032; x_wconf 91' lang='lat' dir='ltr'><strong>pro</strong></span> <span class='ocrx_word' id='word_1_258' title='bbox 346 3961 474 4014; x_wconf 61' lang='lat' dir='ltr'><strong>:reddite</strong></span> <span class='ocrx_word' id='word_1_259' title='bbox 499 3961 649 4014; x_wconf 82' lang='lat' dir='ltr'><strong>Observau·</strong></span> <span class='ocrx_word' id='word_1_260' title='bbox 692 3976 721 4014; x_wconf 91' lang='lat' dir='ltr'><strong>ut</strong></span> <span class='ocrx_word' id='word_1_261' title='bbox 734 3962 841 4032; x_wconf 78' lang='lat' dir='ltr'><strong>Pighius</strong></span> <span class='ocrx_word' id='word_1_262' title='bbox 852 3981 966 4034; x_wconf 86' lang='lat' dir='ltr'><strong>eumque</strong></span> <span class='ocrx_word' id='word_1_263' title='bbox 975 3966 1079 4034; x_wconf 87' lang='lat' dir='ltr'><strong>sequuti</strong></span> <span class='ocrx_word' id='word_1_264' title='bbox 1091 3966 1200 4021; x_wconf 87' lang='lat' dir='ltr'><strong>Colerus</strong></span> 
     </span>
     <span class='ocr_line' id='line_1_35' title="bbox 139 4037 1200 4116; baseline 0.01 -25"><span class='ocrx_word' id='word_1_265' title='bbox 139 4037 225 4092; x_wconf 90' lang='lat' dir='ltr'><strong>dum:</strong></span> <span class='ocrx_word' id='word_1_266' title='bbox 246 4041 296 4092; x_wconf 83' lang='lat' dir='ltr'><strong>illic</strong></span> <span class='ocrx_word' id='word_1_267' title='bbox 313 4039 345 4094; x_wconf 86' lang='lat' dir='ltr'><strong>ad</strong></span> <span class='ocrx_word' id='word_1_268' title='bbox 361 4042 576 4112; x_wconf 78' lang='lat' dir='ltr'><strong>proximum,lric</strong></span> <span class='ocrx_word' id='word_1_269' title='bbox 585 4059 649 4094; x_wconf 83' lang='lat' dir='ltr'><strong>vero</strong></span> <span class='ocrx_word' id='word_1_270' title='bbox 693 4055 718 4094; x_wconf 86' lang='lat' dir='ltr'><strong>et</strong></span> <span class='ocrx_word' id='word_1_271' title='bbox 740 4041 856 4113; x_wconf 81' lang='lat' dir='ltr'><strong>Thysius</strong></span> <span class='ocrx_word' id='word_1_272' title='bbox 878 4042 1000 4110; x_wconf 87' lang='lat' dir='ltr'><strong>edidere,</strong></span> <span class='ocrx_word' id='word_1_273' title='bbox 1023 4046 1089 4116; x_wconf 82' lang='lat' dir='ltr'><strong>quod</strong></span> <span class='ocrx_word' id='word_1_274' title='bbox 1104 4049 1200 4102; x_wconf 80' lang='lat' dir='ltr'><strong>nollem.</strong></span> 
     </span>
     <span class='ocr_line' id='line_1_36' title="bbox 140 4117 1202 4194; baseline 0.007 -23"><span class='ocrx_word' id='word_1_275' title='bbox 140 4117 174 4170; x_wconf 79' lang='lat' dir='ltr'><strong>ad</strong></span> <span class='ocrx_word' id='word_1_276' title='bbox 197 4122 323 4173; x_wconf 88' lang='lat' dir='ltr'><strong>remotius</strong></span> <span class='ocrx_word' id='word_1_277' title='bbox 343 4123 490 4194; x_wconf 85' lang='lat' dir='ltr'><strong>pertinere,</strong></span> <span class='ocrx_word' id='word_1_278' title='bbox 509 4133 538 4175; x_wconf 91' lang='lat' dir='ltr'><strong>ut</strong></span> <span class='ocrx_word' id='word_1_279' title='bbox 555 4123 649 4193; x_wconf 71' lang='lat' dir='ltr'><strong>sepius</strong></span> <span class='ocrx_word' id='word_1_280' title='bbox 692 4121 739 4174; x_wconf 82' lang='lat' dir='ltr'><strong>Est</strong></span> <span class='ocrx_word' id='word_1_281' title='bbox 755 4135 841 4175; x_wconf 87' lang='lat' dir='ltr'><strong>autem</strong></span> <span class='ocrx_word' id='word_1_282' title='bbox 858 4143 886 4174; x_wconf 81' lang='lat' dir='ltr'><strong>ae</strong></span> <span class='ocrx_word' id='word_1_283' title='bbox 901 4124 991 4176; x_wconf 82' lang='lat' dir='ltr'><strong>nollent</strong></span> <span class='ocrx_word' id='word_1_284' title='bbox 1002 4143 1053 4194; x_wconf 90' lang='lat' dir='ltr'><strong>pro</strong></span> <span class='ocrx_word' id='word_1_285' title='bbox 1067 4145 1096 4177; x_wconf 79' lang='lat' dir='ltr'><strong>ne</strong></span> <span class='ocrx_word' id='word_1_286' title='bbox 1112 4147 1202 4180; x_wconf 71' lang='lat' dir='ltr'><strong>recusa-</strong></span> 
     </span>
     <span class='ocr_line' id='line_1_37' title="bbox 141 4198 1201 4273; baseline 0.009 -23"><span class='ocrx_word' id='word_1_287' title='bbox 141 4198 283 4253; x_wconf 85' lang='lat' dir='ltr'><strong>inValerio</strong></span> <span class='ocrx_word' id='word_1_288' title='bbox 296 4201 420 4255; x_wconf 90' lang='lat' dir='ltr'><strong>occurrit.</strong></span> <span class='ocrx_word' id='word_1_289' title='bbox 473 4257 477 4268; x_wconf 58' lang='grc'>,</span> <span class='ocrx_word' id='word_1_290' title='bbox 694 4214 753 4254; x_wconf 79' lang='lat' dir='ltr'><strong>rent.</strong></span> <span class='ocrx_word' id='word_1_291' title='bbox 766 4235 805 4246; x_wconf 89' lang='lat'><em>—</em></span> <span class='ocrx_word' id='word_1_292' title='bbox 821 4203 1017 4270; x_wconf 77' lang='lat' dir='ltr'><strong>Ia...sormavie.</strong></span> <span class='ocrx_word' id='word_1_293' title='bbox 1037 4204 1069 4257; x_wconf 91' lang='lat' dir='ltr'><strong>Id</strong></span> <span class='ocrx_word' id='word_1_294' title='bbox 1082 4221 1133 4273; x_wconf 84' lang='lat' dir='ltr'><strong>est,</strong></span> <span class='ocrx_word' id='word_1_295' title='bbox 1149 4221 1201 4260; x_wconf 88' lang='lat' dir='ltr'><strong>sta-</strong></span> 
     </span>
    </p>
   </div>
   <div class='ocr_carea' id='block_1_8' title="bbox 0 0 1608 5122">
    <p class='ocr_par' dir='ltr' id='par_1_10' title="bbox 0 0 1608 5122">
     <span class='ocr_line' id='line_1_38' title="bbox 0 0 1608 5122; baseline 0 0"><span class='ocrx_word' id='word_1_296' title='bbox 0 0 1608 5122; x_wconf 95' lang='lat' dir='ltr'><strong> </strong></span> 
     </span>
    </p>
   </div>
  </div>
 </body>
</html>
