3168 5124
284 551 391 616 CAP.
420 551 493 635 IX,
521 552 589 618 DE
617 551 809 619 MUTlT.
837 554 1047 622 MORUM.
1116 554 1191 651 473

127 680 383 774 thaginiensium
404 695 641 776 peruenturum
659 682 838 752 catenas¹i
856 686 930 780 quis
948 711 1061 756 rursus
1079 687 1191 756 existi-

127 800 251 874 maret,
267 811 286 854 a
299 788 428 882 punicis
448 785 586 856 vinculis
601 787 644 856 ad
659 787 795 858 summi¹
811 791 939 886 imperii
955 805 1191 886 perventurum

127 891 295 986 insignia?
317 893 372 962 sed
397 907 508 964 tamen
529 917 570 962 ex
592 893 727 964 consule
749 898 919 990 captivus,
941 912 1035 966 etex
1059 900 1191 993 captivo

126 997 246 1068 consul
267 998 373 1068 factus
391 1015 450 1070 est.

189 1129 246 1174 12.
266 1103 379 1193 Quid?
400 1109 520 1176 Crasso
538 1131 649 1176 nonne
667 1110 814 1202 pecuniae
832 1109 1025 1204 magnitudo
1043 1111 1190 1206 locuple-

124 1217 175 1280 tis
191 1235 313 1280 nomen
329 1197 460 1280 dedit³l
473 1211 530 1281 sed
547 1213 653 1282 eidem
675 1227 790 1308 postea
809 1216 920 1308 inopia
938 1229 1069 1310 turpem
1088 1215 1190 1285 deco-

125 1319 231 1386 ctoris
253 1305 525 1412 superlationeml
542 1319 691 1412 injunxit
713 1319 879 1413 Siquidem
900 1319 988 1388 bona
1005 1322 1107 1414 ejusa
1124 1348 1190 1392 cre·

124 1422 312 1511 ditoribus,
330 1425 406 1518 quia
422 1423 560 1493 solidum
578 1438 733 1518 praestare
750 1450 819 1494 non
835 1439 984 1520 poterat,
1004 1443 1191 1516 venerunt;

122 1530 175 1598 ita
196 1554 328 1624 quoque
349 1554 461 1600 amara
482 1528 687 1624 sugillatione
708 1556 777 1600 non
798 1533 927 1600 caruit:
944 1519 1065 1626 quum⁵
1090 1559 1189 1628 egens

124 1634 332 1722 ambularet,
353 1636 445 1706 dives
461 1637 504 1704 ab
521 1637 770 1706 occurrentibus
791 1635 1001 1707 salutabatur.

188 1739 243 1811 13.
261 1744 416 1812 Crassum
435 1767 529 1812 casus
548 1741 726 1812 acerbitate
741 1743 783 1832 Q.
803 1745 915 1838 Caepio
934 1729 1144 1839 praecurrit⁶:
1160 1745 1187 1814 is

123 1871 273 1941 namque
292 1862 442 1942 praeturae
461 1847 651 1944 splendore,
667 1849 844 1944 triumpbi⁷
859 1847 1025 1938 claritate,
1042 1848 1188 1919 consula-

124 1969 182 2022 tus
201 1953 338 2041 decore,
355 1956 488 2023 maximi
505 1954 670 2049 pontificis
691 1955 891 2042 sacerdotio,
909 1969 948 2024 ut
963 1971 1104 2024 senatus
1116 1980 1187 2051 pu·

124 2075 247 2128 monus
261 2061 664 2154 diceretur,assequutus‚
679 2062 713 2128 in
726 2059 867 2156 publicis
884 2060 1022 2132 vinculis
1037 2063 1187 2157 spiritum

124 2165 304 2260 deposuit,
320 2191 505 2262 corpusque
526 2167 596 2260 ejus
617 2166 737 2236 funesti
755 2166 916 2236 comificis
934 2168 1085 2238 manibus
1103 2167 1188 2237 lace·

124 2285 257 2360 ratum,
273 2274 307 2340 in
322 2271 417 2342 scalis
431 2273 600 2342 Gemoniis
613 2272 742 2364 jacens,
757 2297 878 2367 magno
893 2297 970 2342 cum
984 2275 1124 2343 horrore
1137 2288 1187 2344 to-

124 2379 194 2447 tius
216 2378 280 2448 fori
301 2380 428 2450 romani
448 2393 663 2473 conspectum
684 2393 743 2448 est.

189 2487 246 2570 14.
264 2487 337 2556 Jam
353 2487 391 2553 C.
408 2487 535 2554 Marius
554 2485 695 2554 maxima
713 2485 853 2554 fortunas
867 2484 1003 2556 luctatio
1018 2473 1106 2575 est⁸3
1120 2511 1186 2556 om-

173 2721 198 2756 t.
212 2701 324 2755 Catenae.
334 2703 426 2756 Anu,
436 2709 501 2772 499.
513 2704 634 2756 Zonm
720 2701 745 2756 ⁵.
756 2703 844 2772 Qurmt.
852 2702 928 2773 Pigh.
935 2703 1027 2756 inserit
1033 2708 1101 2776 quio,
1112 2704 1186 2774 qussi

170 2799 197 2834 π.
209 2781 302 2835 Sronmt'
309 2785 401 2852 imperii
408 2785 521 2850 imr'gnt‘o.
533 2783 636 2852 Nempe
677 2799 733 2833 non
741 2783 802 2833 setis
809 2781 1107 2846 cohereretorntio;sed
1116 2795 1186 2835 amet

123 2859 271 2916 duodecim
290 2879 393 2914 secures
422 2873 559 2932 ponuntur
584 2879 635 2931 pro
678 2871 769 2912 auctor
778 2860 832 2912 hoc
841 2859 970 2912 concisius
980 2858 1086 2912 dicendi
1094 2879 1183 2932 genus.

123 2941 266 2995 consolatu
278 2941 355 3012 ipso,
366 2939 438 3010 qnod
448 2959 503 2993 non
517 2938 635 2992 animati·
719 2941 746 2991 6.
766 2939 907 2990 Praecurrit.
922 2939 975 2991 An.
990 2939 1025 2990 U.
1043 2941 1109 3002 648.
1127 2939 1185 2992 Liv.

123 3033 235 3074 vertens
252 3018 336 3073 Aldus
348 3018 432 3072 edidit
434 3021 549 3089 fastigia.
677 3017 789 3069 LXVII.
805 3017 839 3081 Q.
855 3017 947 3088 Caepio
965 3017 1069 3089 capitali
1085 3017 1187 3087 judicio

171 3101 199 3153 3.
219 3100 303 3152 Dedit.
315 3101 366 3152 An.
378 3100 413 3152 U.
426 3103 493 3168 694.
506 3098 590 3151 Cicer.
602 3096 636 3150 ed
678 3096 787 3148 allectus
795 3097 1060 3168 est,quieculpeejus
1068 3096 1186 3164 dnobus,

123 3181 187 3232 Au.
200 3179 229 3244 1,
242 3197 283 3251 ep.
301 3185 334 3243 4,
347 3191 373 3231 et
385 3179 428 3243 II,
443 3197 485 3249 ep.
505 3178 551 3240 13;
566 3177 634 3230 Plin.
678 3193 726 3228 suo
737 3189 763 3228 et
775 3175 881 3246 college
890 3176 919 3227 in
929 3176 1065 3229 consulatu
1075 3177 1185 3243 Manlii,

121 3259 268 3322 XXXIII,
286 3276 335 3323 10;
345 3258 459 3322 Quintil.
476 3257 533 3322 XI,
543 3277 571 3317 ι,
586 3257 636 3322 50;
678 3255 834 3308 exercitibus
844 3255 1132 3320 emissis‚castrnetiam
1142 3275 1185 3308 ca-

123 3339 222 3392 Senec.
239 3337 366 3390 Controv.
381 3339 424 3402 11,
440 3357 465 3406 9.
678 3346 723 3406 pte
737 3335 864 3386 lucrante
879 3335 994 3387 Cimbris
1011 3347 1037 3388 et
1047 3335 1183 3389 Teutonis.

173 3422 199 3479 4.
219 3417 414 3486 Superlationem.
429 3415 462 3468 Id
480 3428 534 3481 est,
547 3415 636 3486 inopia
677 3413 769 3467 Iubeo
776 3413 926 3484 grevbsima
936 3412 1010 3466 clade
1020 3415 1122 3466 Lxxx
1132 3417 1185 3468 llo-

122 3497 152 3552 ei
162 3507 241 3566 turpe
248 3497 480 3567 etbyperbolicnm
488 3513 585 3548 nomen
594 3493 638 3547 de·
678 3511 817 3546 manorum
825 3529 834 3555 ‚
843 3511 946 3545 necnon
956 3493 1078 3545 calonum
1086 3507 1112 3546 et
1119 3494 1184 3548 lixu-

123 3575 243 3631 ooctoris
253 3577 364 3647 peperit.
377 3576 512 3646 Superlotr'o
519 3593 571 3627 vox
579 3574 638 3626 bar·
678 3592 739 3625 rum
750 3573 799 3626 XC
813 3573 893 3625 millia
905 3571 1111 3626 cumdicuntur.
1121 3573 1184 3626 Vid.

123 3659 204 3710 bare.
218 3687 258 3696 —
268 3655 385 3724 Iojuruit.
402 3655 510 3726 Aliquot
525 3657 634 3714 immisit,
679 3653 729 3723 Ep.
738 3653 796 3704 Liv.
811 3651 829 3704 l.
842 3671 865 3705 c.
877 3651 928 3705 llic
938 3664 1012 3704 entes
1025 3653 1100 3705 Fabii
1108 3653 1184 3723 igno·

124 3736 177 3789 alii
193 3737 291 3796 inussit,
306 3733 378 3806 quod
393 3746 557 3806 anteponunt
572 3733 637 3784 Tor·
679 3733 788 3784 minium
798 3731 826 3782 in
835 3731 959 3802 Hispania
967 3745 1129 3798 correxerat,
1139 3751 1187 3785 cet-

123 3833 189 3869 ren.
199 3826 225 3866 et
236 3815 324 3886 Kapp.
333 3833 415 3885 quum
424 3815 535 3866 verbnm
547 3816 638 3864 iurum
679 3829 708 3863 so
721 3831 736 3866 a
747 3808 928 3882 proditoribus
935 3809 1133 3864 Viriathovid.
1146 3831 1188 3866 sn·

123 3891 249 3948 sitvulde
261 3893 384 3946 usitatum
395 3892 429 3946 de
440 3894 486 3956 iis,
496 3893 541 3963 qni
550 3892 637 3964 aliqua
679 3909 743 3962 pra,
754 3891 809 3955 111,
824 3909 852 3960 7.

123 3985 256 4028 notemur
267 3973 381 4026 infamia.
391 3975 427 4024 At
437 3985 524 4026 tamen
535 3974 639 4041 injunxit
700 3970 863 4040 7.Triumplu.
869 3969 956 4033 Quem
962 3967 1120 4023 deVirietlro
1125 3971 1186 4042 epit.

123 4071 238 4126 prorsus
258 4051 382 4105 damnare
399 4071 453 4105 non
468 4049 575 4106 nudent.
594 4051 637 4102 Sic
701 4051 728 4102 8.
742 4050 854 4100 luctatio
872 4061 914 4101 est.
933 4049 984 4101 An.
998 4049 1033 4102 U.
1052 4053 1107 4118 629
1124 4051 1185 4104 circ.

124 4131 201 4186 enim
211 4133 306 4184 Noster
314 4151 376 4184 mox
385 4145 436 4186 ert.
446 4151 472 4196 n,
481 4131 637 4182 abdicationis
680 4128 736 4181 Cic.
746 4147 796 4199 pro
806 4128 895 4181 Plano.
905 4128 978 4181 xxt.
989 4129 1028 4180 De
1037 4129 1123 4183 Mario
1132 4133 1185 4203 jam

128 4215 289 4281 injungemrm
304 4223 391 4264 uotam.
680 4207 793 4278 plurima
805 4227 883 4278 supra
895 4221 957 4260 suut
970 4207 1054 4262 allate.
