<?xml version="1.0" encoding="UTF-8"?>
<!DOCTYPE html PUBLIC "-//W3C//DTD XHTML 1.0 Transitional//EN"
    "http://www.w3.org/TR/xhtml1/DTD/xhtml1-transitional.dtd">
<html xmlns="http://www.w3.org/1999/xhtml" xml:lang="en" lang="en">
 <head>
  <title>
</title>
<meta http-equiv="Content-Type" content="text/html;charset=utf-8" />
  <meta name='ocr-system' content='tesseract 3.04.00' />
  <meta name='ocr-capabilities' content='ocr_page ocr_carea ocr_par ocr_line ocrx_word'/>
</head>
<body>
  <div class='ocr_page' id='page_1' title='image "./valeriusmaximus01lykogoog_0171.png"; bbox 0 0 3184 5132; ppageno 0'>
   <div class='ocr_carea' id='block_1_1' title="bbox 419 475 1297 564">
    <p class='ocr_par' dir='ltr' id='par_1_1' title="bbox 419 475 1297 564">
     <span class='ocr_line' id='line_1_1' title="bbox 419 475 1297 564; baseline -0.005 -16"><span class='ocrx_word' id='word_1_1' title='bbox 419 479 490 564; x_wconf 74' lang='lat' dir='ltr'>raa</span> <span class='ocrx_word' id='word_1_2' title='bbox 623 475 843 545; x_wconf 74' lang='lat' dir='ltr'>vitnau</span> <span class='ocrx_word' id='word_1_3' title='bbox 878 475 1297 544; x_wconf 73' lang='lat' dir='ltr'>maximarum.</span> 
     </span>
    </p>
   </div>
   <div class='ocr_carea' id='block_1_2' title="bbox 412 608 1508 2722">
    <p class='ocr_par' dir='ltr' id='par_1_2' title="bbox 412 608 1508 2402">
     <span class='ocr_line' id='line_1_2' title="bbox 468 608 1481 706; baseline -0.001 -29"><span class='ocrx_word' id='word_1_4' title='bbox 468 635 499 706; x_wconf 86' lang='lat'>7.</span> <span class='ocrx_word' id='word_1_5' title='bbox 523 610 609 702; x_wconf 84' lang='lat' dir='ltr'>Age,</span> <span class='ocrx_word' id='word_1_6' title='bbox 639 621 765 702; x_wconf 88' lang='lat' dir='ltr'>quanto</span> <span class='ocrx_word' id='word_1_7' title='bbox 790 608 907 702; x_wconf 92' lang='lat' dir='ltr'>spiritu</span> <span class='ocrx_word' id='word_1_8' title='bbox 927 621 1082 702; x_wconf 91' lang='lat' dir='ltr'>putamus</span> <span class='ocrx_word' id='word_1_9' title='bbox 1102 631 1198 676; x_wconf 91' lang='lat' dir='ltr'>usum</span> <span class='ocrx_word' id='word_1_10' title='bbox 1221 610 1259 677; x_wconf 91' lang='lat' dir='ltr'>L.</span> <span class='ocrx_word' id='word_1_11' title='bbox 1278 608 1481 696; x_wconf 90' lang='lat' dir='ltr'>Quinctium</span> 
     </span>
     <span class='ocr_line' id='line_1_3' title="bbox 413 712 1481 808; baseline -0.004 -22"><span class='ocrx_word' id='word_1_12' title='bbox 413 715 646 786; x_wconf 79' lang='lat' dir='ltr'>Cincinnatum</span> <span class='ocrx_word' id='word_1_13' title='bbox 661 714 858 783; x_wconf 91' lang='lat' dir='ltr'>dictatorem</span> <span class='ocrx_word' id='word_1_14' title='bbox 876 739 917 783; x_wconf 91' lang='lat' dir='ltr'>eo</span> <span class='ocrx_word' id='word_1_15' title='bbox 932 728 1081 807; x_wconf 89' lang='lat' dir='ltr'>tempore</span> <span class='ocrx_word' id='word_1_16' title='bbox 1092 712 1113 802; x_wconf 87' lang='lat'>¹,</span> <span class='ocrx_word' id='word_1_17' title='bbox 1129 739 1195 808; x_wconf 93' lang='lat' dir='ltr'>quo</span> <span class='ocrx_word' id='word_1_18' title='bbox 1212 713 1350 783; x_wconf 91' lang='lat' dir='ltr'>devictis</span> <span class='ocrx_word' id='word_1_19' title='bbox 1362 716 1481 808; x_wconf 83' lang='lat' dir='ltr'>AEquis</span> 
     </span>
     <span class='ocr_line' id='line_1_4' title="bbox 412 819 1481 916; baseline -0.004 -24"><span class='ocrx_word' id='word_1_20' title='bbox 412 837 447 892; x_wconf 88' lang='lat' dir='ltr'>et</span> <span class='ocrx_word' id='word_1_21' title='bbox 466 821 527 891; x_wconf 92' lang='lat' dir='ltr'>sub</span> <span class='ocrx_word' id='word_1_22' title='bbox 542 822 660 916; x_wconf 81' lang='lat' dir='ltr'>jugum</span> <span class='ocrx_word' id='word_1_23' title='bbox 679 821 804 908; x_wconf 87' lang='lat' dir='ltr'>missis,</span> <span class='ocrx_word' id='word_1_24' title='bbox 824 823 860 888; x_wconf 89' lang='lat' dir='ltr'>L.</span> <span class='ocrx_word' id='word_1_25' title='bbox 877 821 1063 890; x_wconf 90' lang='lat' dir='ltr'>Minucium</span> <span class='ocrx_word' id='word_1_26' title='bbox 1083 819 1290 890; x_wconf 87' lang='lat' dir='ltr'>consulatum</span> <span class='ocrx_word' id='word_1_27' title='bbox 1308 820 1481 916; x_wconf 84' lang='lat' dir='ltr'>deponere.</span> 
     </span>
     <span class='ocr_line' id='line_1_5' title="bbox 413 925 1479 1022; baseline -0.004 -24"><span class='ocrx_word' id='word_1_28' title='bbox 413 929 541 1022; x_wconf 82' lang='lat' dir='ltr'>coegit,</span> <span class='ocrx_word' id='word_1_29' title='bbox 566 925 656 1022; x_wconf 90' lang='lat' dir='ltr'>quod</span> <span class='ocrx_word' id='word_1_30' title='bbox 684 940 791 996; x_wconf 90' lang='lat' dir='ltr'>castra</span> <span class='ocrx_word' id='word_1_31' title='bbox 818 927 887 1021; x_wconf 90' lang='lat' dir='ltr'>ejus</span> <span class='ocrx_word' id='word_1_32' title='bbox 913 926 1013 996; x_wconf 88' lang='lat' dir='ltr'>iidem</span> <span class='ocrx_word' id='word_1_33' title='bbox 1040 926 1151 996; x_wconf 88' lang='lat' dir='ltr'>hostes</span> <span class='ocrx_word' id='word_1_34' title='bbox 1172 925 1399 996; x_wconf 84' lang='lat' dir='ltr'>obsederant?</span> <span class='ocrx_word' id='word_1_35' title='bbox 1426 929 1479 995; x_wconf 93' lang='lat' dir='ltr'>In·</span> 
     </span>
     <span class='ocr_line' id='line_1_6' title="bbox 412 1033 1480 1128; baseline -0.005 -24"><span class='ocrx_word' id='word_1_36' title='bbox 412 1033 551 1128; x_wconf 81' lang='lat' dir='ltr'>dignum</span> <span class='ocrx_word' id='word_1_37' title='bbox 573 1035 660 1102; x_wconf 91' lang='lat' dir='ltr'>enim</span> <span class='ocrx_word' id='word_1_38' title='bbox 685 1035 829 1102; x_wconf 84' lang='lat' dir='ltr'>maximo</span> <span class='ocrx_word' id='word_1_39' title='bbox 857 1035 995 1128; x_wconf 91' lang='lat' dir='ltr'>imperio</span> <span class='ocrx_word' id='word_1_40' title='bbox 1019 1033 1175 1119; x_wconf 91' lang='lat' dir='ltr'>credidit,</span> <span class='ocrx_word' id='word_1_41' title='bbox 1200 1057 1299 1128; x_wconf 87' lang='lat' dir='ltr'>quem</span> <span class='ocrx_word' id='word_1_42' title='bbox 1325 1057 1399 1102; x_wconf 90' lang='lat' dir='ltr'>non</span> <span class='ocrx_word' id='word_1_43' title='bbox 1423 1056 1480 1101; x_wconf 91' lang='lat' dir='ltr'>sua</span> 
     </span>
     <span class='ocr_line' id='line_1_7' title="bbox 413 1138 1478 1235; baseline -0.002 -27"><span class='ocrx_word' id='word_1_44' title='bbox 413 1142 535 1228; x_wconf 85' lang='lat' dir='ltr'>virtus,</span> <span class='ocrx_word' id='word_1_45' title='bbox 560 1139 617 1209; x_wconf 89' lang='lat' dir='ltr'>sed</span> <span class='ocrx_word' id='word_1_46' title='bbox 647 1139 733 1208; x_wconf 89' lang='lat' dir='ltr'>fossa</span> <span class='ocrx_word' id='word_1_47' title='bbox 765 1138 952 1234; x_wconf 88' lang='lat' dir='ltr'>vallumque</span> <span class='ocrx_word' id='word_1_48' title='bbox 980 1153 1089 1208; x_wconf 88' lang='lat' dir='ltr'>tutum</span> <span class='ocrx_word' id='word_1_49' title='bbox 1116 1141 1329 1235; x_wconf 72' lang='lat' dir='ltr'>praestiterat3</span> <span class='ocrx_word' id='word_1_50' title='bbox 1356 1141 1478 1233; x_wconf 87' lang='lat' dir='ltr'>cuique</span> 
     </span>
     <span class='ocr_line' id='line_1_8' title="bbox 412 1244 1479 1340; baseline -0.003 -24"><span class='ocrx_word' id='word_1_51' title='bbox 412 1245 619 1316; x_wconf 83' lang='lat' dir='ltr'>verecundiae</span> <span class='ocrx_word' id='word_1_52' title='bbox 638 1271 706 1314; x_wconf 95' lang='lat' dir='ltr'>non</span> <span class='ocrx_word' id='word_1_53' title='bbox 722 1245 845 1331; x_wconf 85' lang='lat' dir='ltr'>fuerat,</span> <span class='ocrx_word' id='word_1_54' title='bbox 867 1269 959 1314; x_wconf 88' lang='lat' dir='ltr'>arma</span> <span class='ocrx_word' id='word_1_55' title='bbox 978 1269 1115 1314; x_wconf 89' lang='lat' dir='ltr'>romana</span> <span class='ocrx_word' id='word_1_56' title='bbox 1132 1260 1222 1314; x_wconf 87' lang='lat' dir='ltr'>metu</span> <span class='ocrx_word' id='word_1_57' title='bbox 1241 1245 1371 1340; x_wconf 90' lang='lat' dir='ltr'>trepida</span> <span class='ocrx_word' id='word_1_58' title='bbox 1390 1244 1479 1314; x_wconf 90' lang='lat' dir='ltr'>clau-</span> 
     </span>
     <span class='ocr_line' id='line_1_9' title="bbox 414 1351 1508 1448; baseline -0.005 -25"><span class='ocrx_word' id='word_1_59' title='bbox 414 1355 457 1424; x_wconf 88' lang='lat' dir='ltr'>sis</span> <span class='ocrx_word' id='word_1_60' title='bbox 473 1354 575 1446; x_wconf 89' lang='lat' dir='ltr'>portis</span> <span class='ocrx_word' id='word_1_61' title='bbox 592 1353 762 1422; x_wconf 84' lang='lat' dir='ltr'>contineri.</span> <span class='ocrx_word' id='word_1_62' title='bbox 780 1354 870 1446; x_wconf 85' lang='lat' dir='ltr'>Ergo</span> <span class='ocrx_word' id='word_1_63' title='bbox 886 1353 1143 1446; x_wconf 81' lang='lat' dir='ltr'>imperiosissimi</span> <span class='ocrx_word' id='word_1_64' title='bbox 1160 1376 1213 1421; x_wconf 81' lang='lat' dir='ltr'>xii</span> <span class='ocrx_word' id='word_1_65' title='bbox 1226 1351 1361 1440; x_wconf 89' lang='lat' dir='ltr'>fasces’,</span> <span class='ocrx_word' id='word_1_66' title='bbox 1377 1375 1478 1448; x_wconf 89' lang='lat' dir='ltr'>penes</span> <span class='ocrx_word' id='word_1_67' title='bbox 1505 1356 1508 1375; x_wconf 94' lang='lat'>&#39;</span> 
     </span>
     <span class='ocr_line' id='line_1_10' title="bbox 413 1457 1479 1554; baseline -0.003 -25"><span class='ocrx_word' id='word_1_68' title='bbox 413 1485 496 1554; x_wconf 93' lang='lat' dir='ltr'>quos</span> <span class='ocrx_word' id='word_1_69' title='bbox 512 1473 661 1544; x_wconf 88' lang='lat' dir='ltr'>senatus,</span> <span class='ocrx_word' id='word_1_70' title='bbox 673 1472 706 1526; x_wconf 88' lang='lat' dir='ltr'>et</span> <span class='ocrx_word' id='word_1_71' title='bbox 718 1459 876 1552; x_wconf 89' lang='lat' dir='ltr'>equestris</span> <span class='ocrx_word' id='word_1_72' title='bbox 893 1457 1037 1544; x_wconf 90' lang='lat' dir='ltr'>ordinis,</span> <span class='ocrx_word' id='word_1_73' title='bbox 1051 1473 1085 1526; x_wconf 89' lang='lat' dir='ltr'>et</span> <span class='ocrx_word' id='word_1_74' title='bbox 1097 1461 1259 1528; x_wconf 75' lang='lat' dir='ltr'>universae</span> <span class='ocrx_word' id='word_1_75' title='bbox 1274 1458 1381 1552; x_wconf 84' lang='lat' dir='ltr'>plebis</span> <span class='ocrx_word' id='word_1_76' title='bbox 1395 1483 1479 1526; x_wconf 91' lang='lat' dir='ltr'>sum-</span> 
     </span>
     <span class='ocr_line' id='line_1_11' title="bbox 412 1563 1478 1658; baseline -0.004 -24"><span class='ocrx_word' id='word_1_77' title='bbox 412 1591 505 1634; x_wconf 90' lang='lat' dir='ltr'>mum</span> <span class='ocrx_word' id='word_1_78' title='bbox 519 1565 619 1634; x_wconf 90' lang='lat' dir='ltr'>decus</span> <span class='ocrx_word' id='word_1_79' title='bbox 629 1577 716 1648; x_wconf 87' lang='lat' dir='ltr'>erat,</span> <span class='ocrx_word' id='word_1_80' title='bbox 729 1589 935 1658; x_wconf 89' lang='lat' dir='ltr'>quorumque</span> <span class='ocrx_word' id='word_1_81' title='bbox 949 1578 1032 1632; x_wconf 93' lang='lat' dir='ltr'>nutu</span> <span class='ocrx_word' id='word_1_82' title='bbox 1047 1567 1194 1652; x_wconf 91' lang='lat' dir='ltr'>Latium,</span> <span class='ocrx_word' id='word_1_83' title='bbox 1208 1590 1247 1634; x_wconf 92' lang='lat' dir='ltr'>ac</span> <span class='ocrx_word' id='word_1_84' title='bbox 1261 1567 1362 1634; x_wconf 85' lang='lat' dir='ltr'>tutius</span> <span class='ocrx_word' id='word_1_85' title='bbox 1375 1563 1478 1633; x_wconf 73' lang='lat' dir='ltr'>ltaliae</span> 
     </span>
     <span class='ocr_line' id='line_1_12' title="bbox 412 1670 1477 1766; baseline -0.001 -28"><span class='ocrx_word' id='word_1_86' title='bbox 412 1674 501 1740; x_wconf 83' lang='lat' dir='ltr'>vires</span> <span class='ocrx_word' id='word_1_87' title='bbox 516 1671 731 1766; x_wconf 81' lang='lat' dir='ltr'>regebantur,</span> <span class='ocrx_word' id='word_1_88' title='bbox 750 1673 878 1739; x_wconf 87' lang='lat' dir='ltr'>contusi</span> <span class='ocrx_word' id='word_1_89' title='bbox 897 1685 996 1764; x_wconf 89' lang='lat' dir='ltr'>atque</span> <span class='ocrx_word' id='word_1_90' title='bbox 1013 1670 1107 1739; x_wconf 83' lang='lat' dir='ltr'>fracti</span> <span class='ocrx_word' id='word_1_91' title='bbox 1123 1671 1302 1741; x_wconf 70' lang='lat' dir='ltr'>dictatoria</span> <span class='ocrx_word' id='word_1_92' title='bbox 1319 1695 1354 1740; x_wconf 86' lang='lat' dir='ltr'>se</span> <span class='ocrx_word' id='word_1_93' title='bbox 1366 1673 1477 1739; x_wconf 87' lang='lat' dir='ltr'>anim·</span> 
     </span>
     <span class='ocr_line' id='line_1_13' title="bbox 413 1776 1476 1872; baseline -0.006 -26"><span class='ocrx_word' id='word_1_94' title='bbox 413 1777 599 1846; x_wconf 87' lang='lat' dir='ltr'>adversioni</span> <span class='ocrx_word' id='word_1_95' title='bbox 623 1776 897 1864; x_wconf 80' lang='lat' dir='ltr'>substraverunt3</span> <span class='ocrx_word' id='word_1_96' title='bbox 918 1801 957 1845; x_wconf 89' lang='lat' dir='ltr'>ac</span> <span class='ocrx_word' id='word_1_97' title='bbox 979 1803 1021 1846; x_wconf 91' lang='lat' dir='ltr'>ne</span> <span class='ocrx_word' id='word_1_98' title='bbox 1045 1776 1148 1845; x_wconf 88' lang='lat' dir='ltr'>inulta</span> <span class='ocrx_word' id='word_1_99' title='bbox 1173 1777 1259 1847; x_wconf 80' lang='lat' dir='ltr'>foret</span> <span class='ocrx_word' id='word_1_100' title='bbox 1277 1777 1352 1847; x_wconf 83' lang='lat' dir='ltr'>laesa</span> <span class='ocrx_word' id='word_1_101' title='bbox 1371 1777 1476 1872; x_wconf 83' lang='lat' dir='ltr'>gloria</span> 
     </span>
     <span class='ocr_line' id='line_1_14' title="bbox 414 1881 1476 1978; baseline -0.006 -24"><span class='ocrx_word' id='word_1_102' title='bbox 414 1883 578 1972; x_wconf 89' lang='lat' dir='ltr'>militaris,</span> <span class='ocrx_word' id='word_1_103' title='bbox 596 1881 710 1952; x_wconf 90' lang='lat' dir='ltr'>consul</span> <span class='ocrx_word' id='word_1_104' title='bbox 725 1883 833 1953; x_wconf 90' lang='lat' dir='ltr'>delicti</span> <span class='ocrx_word' id='word_1_105' title='bbox 848 1884 956 1952; x_wconf 90' lang='lat' dir='ltr'>omnis</span> <span class='ocrx_word' id='word_1_106' title='bbox 975 1881 1096 1951; x_wconf 86' lang='lat' dir='ltr'>vindex</span> <span class='ocrx_word' id='word_1_107' title='bbox 1114 1887 1248 1978; x_wconf 90' lang='lat' dir='ltr'>punitus</span> <span class='ocrx_word' id='word_1_108' title='bbox 1266 1899 1324 1952; x_wconf 91' lang='lat' dir='ltr'>est.</span> <span class='ocrx_word' id='word_1_109' title='bbox 1348 1885 1426 1970; x_wconf 89' lang='lat' dir='ltr'>His,</span> <span class='ocrx_word' id='word_1_110' title='bbox 1442 1895 1476 1948; x_wconf 92' lang='lat' dir='ltr'>ut</span> 
     </span>
     <span class='ocr_line' id='line_1_15' title="bbox 412 1975 1475 2086; baseline -0.005 -27"><span class='ocrx_word' id='word_1_111' title='bbox 412 1993 457 2060; x_wconf 88' lang='lat' dir='ltr'>ita</span> <span class='ocrx_word' id='word_1_112' title='bbox 471 1990 597 2078; x_wconf 89' lang='lat' dir='ltr'>dicam,</span> <span class='ocrx_word' id='word_1_113' title='bbox 612 1975 778 2086; x_wconf 84' lang='lat' dir='ltr'>piaculis³,</span> <span class='ocrx_word' id='word_1_114' title='bbox 797 1991 888 2060; x_wconf 87' lang='lat' dir='ltr'>Mars</span> <span class='ocrx_word' id='word_1_115' title='bbox 904 1990 1032 2083; x_wconf 83' lang='lat' dir='ltr'>imperii</span> <span class='ocrx_word' id='word_1_116' title='bbox 1047 1992 1150 2058; x_wconf 90' lang='lat' dir='ltr'>nostri</span> <span class='ocrx_word' id='word_1_117' title='bbox 1167 2005 1276 2084; x_wconf 90' lang='lat' dir='ltr'>pater,</span> <span class='ocrx_word' id='word_1_118' title='bbox 1294 1991 1351 2059; x_wconf 90' lang='lat' dir='ltr'>ubi</span> <span class='ocrx_word' id='word_1_119' title='bbox 1367 1989 1475 2083; x_wconf 84' lang='lat' dir='ltr'>aliqua</span> 
     </span>
     <span class='ocr_line' id='line_1_16' title="bbox 412 2095 1473 2192; baseline -0.006 -26"><span class='ocrx_word' id='word_1_120' title='bbox 412 2123 453 2166; x_wconf 83' lang='lat' dir='ltr'>ex</span> <span class='ocrx_word' id='word_1_121' title='bbox 471 2111 564 2192; x_wconf 90' lang='lat' dir='ltr'>parte</span> <span class='ocrx_word' id='word_1_122' title='bbox 579 2123 599 2165; x_wconf 92' lang='lat' dir='ltr'>a</span> <span class='ocrx_word' id='word_1_123' title='bbox 617 2097 681 2166; x_wconf 90' lang='lat' dir='ltr'>tuis</span> <span class='ocrx_word' id='word_1_124' title='bbox 699 2097 851 2192; x_wconf 79' lang='lat' dir='ltr'>auspiciis</span> <span class='ocrx_word' id='word_1_125' title='bbox 870 2095 1104 2189; x_wconf 82' lang='lat' dir='ltr'>degeneratum</span> <span class='ocrx_word' id='word_1_126' title='bbox 1125 2112 1216 2182; x_wconf 89' lang='lat' dir='ltr'>erat,</span> <span class='ocrx_word' id='word_1_127' title='bbox 1236 2122 1359 2166; x_wconf 92' lang='lat' dir='ltr'>numen</span> <span class='ocrx_word' id='word_1_128' title='bbox 1382 2111 1473 2166; x_wconf 91' lang='lat' dir='ltr'>tuum</span> 
     </span>
     <span class='ocr_line' id='line_1_17' title="bbox 412 2201 1474 2298; baseline -0.001 -27"><span class='ocrx_word' id='word_1_129' title='bbox 412 2201 667 2298; x_wconf 80' lang='lat' dir='ltr'>propitiabatur,</span> <span class='ocrx_word' id='word_1_130' title='bbox 696 2203 845 2270; x_wconf 85' lang='lat' dir='ltr'>affinium</span> <span class='ocrx_word' id='word_1_131' title='bbox 865 2217 899 2270; x_wconf 89' lang='lat' dir='ltr'>et</span> <span class='ocrx_word' id='word_1_132' title='bbox 922 2217 1139 2295; x_wconf 83' lang='lat' dir='ltr'>cognatorum</span> <span class='ocrx_word' id='word_1_133' title='bbox 1160 2219 1194 2272; x_wconf 92' lang='lat' dir='ltr'>et</span> <span class='ocrx_word' id='word_1_134' title='bbox 1216 2203 1355 2272; x_wconf 83' lang='lat' dir='ltr'>fratrum</span> <span class='ocrx_word' id='word_1_135' title='bbox 1382 2215 1474 2286; x_wconf 87' lang='lat' dir='ltr'>nota,</span> 
     </span>
     <span class='ocr_line' id='line_1_18' title="bbox 412 2297 1358 2402; baseline 0 -25"><span class='ocrx_word' id='word_1_136' title='bbox 412 2309 555 2378; x_wconf 85' lang='lat' dir='ltr'>filiorum</span> <span class='ocrx_word' id='word_1_137' title='bbox 576 2321 704 2402; x_wconf 83' lang='lat' dir='ltr'>strage,</span> <span class='ocrx_word' id='word_1_138' title='bbox 723 2310 938 2402; x_wconf 81' lang='lat' dir='ltr'>ignominiosa</span> <span class='ocrx_word' id='word_1_139' title='bbox 958 2307 1130 2377; x_wconf 90' lang='lat' dir='ltr'>consulum</span> <span class='ocrx_word' id='word_1_140' title='bbox 1149 2297 1358 2378; x_wconf 82' lang='lat' dir='ltr'>e&#39;uratione⁴.</span> 
     </span>
    </p>

    <p class='ocr_par' dir='ltr' id='par_1_3' title="bbox 412 2412 1471 2722">
     <span class='ocr_line' id='line_1_19' title="bbox 468 2412 1471 2510; baseline -0.002 -26"><span class='ocrx_word' id='word_1_141' title='bbox 468 2414 502 2484; x_wconf 87' lang='lat'>8.</span> <span class='ocrx_word' id='word_1_142' title='bbox 512 2412 668 2506; x_wconf 88' lang='lat' dir='ltr'>Ejusdem</span> <span class='ocrx_word' id='word_1_143' title='bbox 683 2413 807 2482; x_wconf 91' lang='lat' dir='ltr'>ordinis</span> <span class='ocrx_word' id='word_1_144' title='bbox 823 2428 890 2500; x_wconf 83' lang='lat' dir='ltr'>est,</span> <span class='ocrx_word' id='word_1_145' title='bbox 902 2413 991 2507; x_wconf 93' lang='lat' dir='ltr'>quod</span> <span class='ocrx_word' id='word_1_146' title='bbox 1011 2417 1157 2507; x_wconf 83' lang='lat' dir='ltr'>sequitur</span> <span class='ocrx_word' id='word_1_147' title='bbox 1179 2440 1186 2482; x_wconf 94' lang='lat'><strong>:</strong></span> <span class='ocrx_word' id='word_1_148' title='bbox 1202 2417 1353 2510; x_wconf 89' lang='lat' dir='ltr'>Papirius</span> <span class='ocrx_word' id='word_1_149' title='bbox 1366 2415 1471 2483; x_wconf 78' lang='lat' dir='ltr'>dicu-</span> 
     </span>
     <span class='ocr_line' id='line_1_20' title="bbox 414 2517 1471 2614; baseline -0.003 -25"><span class='ocrx_word' id='word_1_150' title='bbox 414 2535 483 2606; x_wconf 88' lang='lat' dir='ltr'>tor,</span> <span class='ocrx_word' id='word_1_151' title='bbox 504 2543 606 2612; x_wconf 92' lang='lat' dir='ltr'>quum</span> <span class='ocrx_word' id='word_1_152' title='bbox 621 2517 777 2587; x_wconf 84' lang='lat' dir='ltr'>adversus</span> <span class='ocrx_word' id='word_1_153' title='bbox 797 2520 971 2614; x_wconf 90' lang='lat' dir='ltr'>imperium</span> <span class='ocrx_word' id='word_1_154' title='bbox 991 2519 1061 2612; x_wconf 88' lang='lat' dir='ltr'>ejus</span> <span class='ocrx_word' id='word_1_155' title='bbox 1082 2521 1125 2608; x_wconf 90' lang='lat' dir='ltr'>Q.</span> <span class='ocrx_word' id='word_1_156' title='bbox 1142 2521 1262 2590; x_wconf 88' lang='lat' dir='ltr'>Fabius</span> <span class='ocrx_word' id='word_1_157' title='bbox 1282 2521 1471 2603; x_wconf 84' lang='lat' dir='ltr'>Rullianus,</span> 
     </span>
     <span class='ocr_line' id='line_1_21' title="bbox 412 2626 1470 2722; baseline -0.002 -27"><span class='ocrx_word' id='word_1_158' title='bbox 412 2627 568 2720; x_wconf 84' lang='lat' dir='ltr'>magister</span> <span class='ocrx_word' id='word_1_159' title='bbox 587 2626 750 2719; x_wconf 88' lang='lat' dir='ltr'>equitum,</span> <span class='ocrx_word' id='word_1_160' title='bbox 772 2626 950 2694; x_wconf 81' lang='lat' dir='ltr'>exercitum</span> <span class='ocrx_word' id='word_1_161' title='bbox 971 2627 1005 2693; x_wconf 92' lang='lat' dir='ltr'>in</span> <span class='ocrx_word' id='word_1_162' title='bbox 1023 2627 1126 2694; x_wconf 91' lang='lat' dir='ltr'>aciem</span> <span class='ocrx_word' id='word_1_163' title='bbox 1148 2627 1332 2714; x_wconf 84' lang='lat' dir='ltr'>eduxisset,</span> <span class='ocrx_word' id='word_1_164' title='bbox 1353 2651 1470 2722; x_wconf 90' lang='lat' dir='ltr'>quam·</span> 
     </span>
    </p>
   </div>
   <div class='ocr_carea' id='block_1_3' title="bbox 412 2717 1470 2828">
    <p class='ocr_par' dir='ltr' id='par_1_4' title="bbox 412 2717 1470 2828">
     <span class='ocr_line' id='line_1_22' title="bbox 412 2717 1470 2828; baseline -0.002 -28"><span class='ocrx_word' id='word_1_165' title='bbox 412 2757 512 2828; x_wconf 91' lang='lat' dir='ltr'>quam</span> <span class='ocrx_word' id='word_1_166' title='bbox 532 2731 612 2800; x_wconf 85' lang='lat' dir='ltr'>fusis</span> <span class='ocrx_word' id='word_1_167' title='bbox 634 2717 852 2801; x_wconf 84' lang='lat' dir='ltr'>Samnitibus⁶</span> <span class='ocrx_word' id='word_1_168' title='bbox 873 2734 907 2800; x_wconf 94' lang='lat' dir='ltr'>in</span> <span class='ocrx_word' id='word_1_169' title='bbox 931 2746 1038 2802; x_wconf 90' lang='lat' dir='ltr'>castra</span> <span class='ocrx_word' id='word_1_170' title='bbox 1057 2731 1211 2822; x_wconf 88' lang='lat' dir='ltr'>redierat,</span> <span class='ocrx_word' id='word_1_171' title='bbox 1234 2749 1344 2804; x_wconf 88' lang='lat' dir='ltr'>tamen</span> <span class='ocrx_word' id='word_1_172' title='bbox 1366 2755 1470 2828; x_wconf 87' lang='lat' dir='ltr'>neque</span> 
     </span>
    </p>
   </div>
   <div class='ocr_carea' id='block_1_4' title="bbox 411 2929 1470 4204">
    <p class='ocr_par' dir='ltr' id='par_1_5' title="bbox 412 2929 1470 3151">
     <span class='ocr_line' id='line_1_23' title="bbox 456 2929 1469 3005; baseline -0.004 -17"><span class='ocrx_word' id='word_1_173' title='bbox 456 2953 481 2988; x_wconf 82' lang='lat' dir='ltr'>a.</span> <span class='ocrx_word' id='word_1_174' title='bbox 497 2936 548 2987; x_wconf 80' lang='lat' dir='ltr'>An.</span> <span class='ocrx_word' id='word_1_175' title='bbox 565 2933 600 2986; x_wconf 91' lang='lat' dir='ltr'>U.</span> <span class='ocrx_word' id='word_1_176' title='bbox 618 2931 683 3001; x_wconf 83' lang='lat' dir='ltr'>a95.</span> <span class='ocrx_word' id='word_1_177' title='bbox 699 2929 770 2986; x_wconf 88' lang='lat' dir='ltr'>Vide</span> <span class='ocrx_word' id='word_1_178' title='bbox 789 2931 847 2985; x_wconf 87' lang='lat' dir='ltr'>Liv.</span> <span class='ocrx_word' id='word_1_179' title='bbox 863 2933 918 2997; x_wconf 70' lang='lat'><em>1113</em></span> <span class='ocrx_word' id='word_1_180' title='bbox 962 2933 1017 2998; x_wconf 79' lang='lat' dir='ltr'>rel,</span> <span class='ocrx_word' id='word_1_181' title='bbox 1038 2934 1084 3004; x_wconf 86' lang='lat' dir='ltr'>qui</span> <span class='ocrx_word' id='word_1_182' title='bbox 1103 2934 1220 3005; x_wconf 89' lang='lat' dir='ltr'>primum</span> <span class='ocrx_word' id='word_1_183' title='bbox 1235 2934 1366 2987; x_wconf 87' lang='lat' dir='ltr'>coloniam</span> <span class='ocrx_word' id='word_1_184' title='bbox 1380 2935 1411 2987; x_wconf 89' lang='lat' dir='ltr'>in</span> <span class='ocrx_word' id='word_1_185' title='bbox 1425 2933 1469 2986; x_wconf 87' lang='lat' dir='ltr'>ali·</span> 
     </span>
     <span class='ocr_line' id='line_1_24' title="bbox 413 3012 1470 3088; baseline -0.004 -20"><span class='ocrx_word' id='word_1_186' title='bbox 413 3016 524 3088; x_wconf 86' lang='lat' dir='ltr'>Dionys.</span> <span class='ocrx_word' id='word_1_187' title='bbox 544 3013 579 3066; x_wconf 86' lang='lat' dir='ltr'>X.</span> <span class='ocrx_word' id='word_1_188' title='bbox 591 3045 631 3056; x_wconf 87' lang='lat'>-</span> <span class='ocrx_word' id='word_1_189' title='bbox 648 3012 723 3065; x_wconf 81' lang='lat' dir='ltr'>Iidem</span> <span class='ocrx_word' id='word_1_190' title='bbox 739 3013 823 3064; x_wconf 76' lang='lat' dir='ltr'>hostes.</span> <span class='ocrx_word' id='word_1_191' title='bbox 840 3012 920 3084; x_wconf 83' lang='lat' dir='ltr'>AEqui</span> <span class='ocrx_word' id='word_1_192' title='bbox 963 3031 1042 3084; x_wconf 85' lang='lat' dir='ltr'>quam</span> <span class='ocrx_word' id='word_1_193' title='bbox 1057 3013 1306 3079; x_wconf 84' lang='lat' dir='ltr'>terramduxerant,</span> <span class='ocrx_word' id='word_1_194' title='bbox 1318 3015 1346 3067; x_wconf 89' lang='lat' dir='ltr'>in</span> <span class='ocrx_word' id='word_1_195' title='bbox 1360 3013 1470 3067; x_wconf 84' lang='lat' dir='ltr'>deornm</span> 
     </span>
     <span class='ocr_line' id='line_1_25' title="bbox 412 3092 1469 3151; baseline -0.007 -2"><span class='ocrx_word' id='word_1_196' title='bbox 412 3094 549 3151; x_wconf 84' lang='lat' dir='ltr'>etVolsci.</span> <span class='ocrx_word' id='word_1_197' title='bbox 962 3092 1076 3145; x_wconf 84' lang='lat' dir='ltr'>retulere</span> <span class='ocrx_word' id='word_1_198' title='bbox 1101 3111 1250 3146; x_wconf 84' lang='lat' dir='ltr'>numerum.</span> <span class='ocrx_word' id='word_1_199' title='bbox 1279 3093 1322 3146; x_wconf 84' lang='lat' dir='ltr'>sic</span> <span class='ocrx_word' id='word_1_200' title='bbox 1347 3093 1469 3146; x_wconf 81' lang='lat' dir='ltr'>Romanis</span> 
     </span>
    </p>

    <p class='ocr_par' dir='ltr' id='par_1_6' title="bbox 411 3169 1468 3883">
     <span class='ocr_line' id='line_1_26' title="bbox 455 3169 1467 3246; baseline -0.003 -20"><span class='ocrx_word' id='word_1_201' title='bbox 455 3195 480 3229; x_wconf 82' lang='lat' dir='ltr'>s.</span> <span class='ocrx_word' id='word_1_202' title='bbox 503 3175 690 3244; x_wconf 77' lang='lat' dir='ltr'>Imperiosissr&#39;mr&#39;</span> <span class='ocrx_word' id='word_1_203' title='bbox 707 3173 764 3224; x_wconf 82' lang='lat' dir='ltr'>XII</span> <span class='ocrx_word' id='word_1_204' title='bbox 776 3174 865 3241; x_wconf 83' lang='lat' dir='ltr'>sasces.</span> <span class='ocrx_word' id='word_1_205' title='bbox 887 3169 919 3224; x_wconf 94' lang='lat' dir='ltr'>Id</span> <span class='ocrx_word' id='word_1_206' title='bbox 962 3173 1100 3224; x_wconf 89' lang='lat' dir='ltr'>honestius</span> <span class='ocrx_word' id='word_1_207' title='bbox 1112 3174 1212 3238; x_wconf 80' lang='lat' dir='ltr'>visunt,</span> <span class='ocrx_word' id='word_1_208' title='bbox 1226 3192 1240 3226; x_wconf 88' lang='lat' dir='ltr'>a</span> <span class='ocrx_word' id='word_1_209' title='bbox 1255 3175 1349 3230; x_wconf 80' lang='lat' dir='ltr'>Marte.</span> <span class='ocrx_word' id='word_1_210' title='bbox 1365 3189 1467 3246; x_wconf 76' lang='lat' dir='ltr'>quamn</span> 
     </span>
     <span class='ocr_line' id='line_1_27' title="bbox 412 3252 1468 3326; baseline -0.006 -16"><span class='ocrx_word' id='word_1_211' title='bbox 412 3269 464 3322; x_wconf 85' lang='lat' dir='ltr'>est,</span> <span class='ocrx_word' id='word_1_212' title='bbox 484 3254 580 3314; x_wconf 78' lang='lat' dir='ltr'>consul,·</span> <span class='ocrx_word' id='word_1_213' title='bbox 601 3253 667 3320; x_wconf 76' lang='lat' dir='ltr'>cujac</span> <span class='ocrx_word' id='word_1_214' title='bbox 685 3255 788 3302; x_wconf 68' lang='lat' dir='ltr'>maximo</span> <span class='ocrx_word' id='word_1_215' title='bbox 800 3264 919 3321; x_wconf 81' lang='lat' dir='ltr'>potestas,·</span> <span class='ocrx_word' id='word_1_216' title='bbox 962 3252 1068 3304; x_wconf 86' lang='lat' dir='ltr'>mortali</span> <span class='ocrx_word' id='word_1_217' title='bbox 1082 3254 1194 3306; x_wconf 85' lang='lat' dir='ltr'>obscuro</span> <span class='ocrx_word' id='word_1_218' title='bbox 1210 3273 1271 3308; x_wconf 86' lang='lat' dir='ltr'>sane</span> <span class='ocrx_word' id='word_1_219' title='bbox 1285 3267 1365 3326; x_wconf 85' lang='lat' dir='ltr'>atque</span> <span class='ocrx_word' id='word_1_220' title='bbox 1380 3255 1468 3326; x_wconf 79' lang='lat' dir='ltr'>ignoto</span> 
     </span>
     <span class='ocr_line' id='line_1_28' title="bbox 413 3330 1209 3407; baseline -0.003 -19"><span class='ocrx_word' id='word_1_221' title='bbox 413 3330 920 3407; x_wconf 78' lang='lat' dir='ltr'>cujusquenutu,utmoxsubjicit,Lutr&#39;am</span> <span class='ocrx_word' id='word_1_222' title='bbox 962 3330 1058 3386; x_wconf 87' lang='lat' dir='ltr'>ducere</span> <span class='ocrx_word' id='word_1_223' title='bbox 1072 3333 1209 3404; x_wconf 79' lang='lat' dir='ltr'>originem.</span> 
     </span>
     <span class='ocr_line' id='line_1_29' title="bbox 413 3409 1467 3485; baseline -0.003 -19"><span class='ocrx_word' id='word_1_224' title='bbox 413 3419 523 3466; x_wconf 78' lang='lat' dir='ltr'>acratius</span> <span class='ocrx_word' id='word_1_225' title='bbox 536 3412 617 3466; x_wconf 76' lang='lat' dir='ltr'>lraltoe</span> <span class='ocrx_word' id='word_1_226' title='bbox 627 3415 690 3461; x_wconf 79' lang='lat' dir='ltr'>vires</span> <span class='ocrx_word' id='word_1_227' title='bbox 704 3409 854 3478; x_wconf 72' lang='lat' dir='ltr'>regebantur.</span> <span class='ocrx_word' id='word_1_228' title='bbox 868 3409 920 3464; x_wconf 89' lang='lat' dir='ltr'>Sed</span> <span class='ocrx_word' id='word_1_229' title='bbox 1003 3419 1030 3475; x_wconf 70' lang='grc'>4.</span> <span class='ocrx_word' id='word_1_230' title='bbox 1044 3413 1194 3482; x_wconf 79' lang='lat' dir='ltr'>Ejuratr&#39;one.</span> <span class='ocrx_word' id='word_1_231' title='bbox 1212 3413 1330 3485; x_wconf 84' lang='lat' dir='ltr'>Ejuratio</span> <span class='ocrx_word' id='word_1_232' title='bbox 1343 3427 1383 3466; x_wconf 85' lang='lat' dir='ltr'>est</span> <span class='ocrx_word' id='word_1_233' title='bbox 1396 3411 1467 3466; x_wconf 83' lang='lat' dir='ltr'>abdi·</span> 
     </span>
     <span class='ocr_line' id='line_1_30' title="bbox 412 3487 1467 3567; baseline -0.004 -20"><span class='ocrx_word' id='word_1_234' title='bbox 412 3493 615 3567; x_wconf 84' lang='lat' dir='ltr'>hyperbolicum</span> <span class='ocrx_word' id='word_1_235' title='bbox 634 3489 678 3542; x_wconf 89' lang='lat' dir='ltr'>hic</span> <span class='ocrx_word' id='word_1_236' title='bbox 700 3489 752 3559; x_wconf 83' lang='lat' dir='ltr'>agit</span> <span class='ocrx_word' id='word_1_237' title='bbox 765 3489 854 3542; x_wconf 86' lang='lat' dir='ltr'>Valer.</span> <span class='ocrx_word' id='word_1_238' title='bbox 877 3487 921 3542; x_wconf 88' lang='lat' dir='ltr'>de·</span> <span class='ocrx_word' id='word_1_239' title='bbox 962 3492 1053 3557; x_wconf 89' lang='lat' dir='ltr'>catio,</span> <span class='ocrx_word' id='word_1_240' title='bbox 1074 3511 1132 3563; x_wconf 79' lang='lat' dir='ltr'>quae</span> <span class='ocrx_word' id='word_1_241' title='bbox 1153 3495 1183 3546; x_wconf 84' lang='lat' dir='ltr'>lit</span> <span class='ocrx_word' id='word_1_242' title='bbox 1203 3507 1248 3546; x_wconf 91' lang='lat' dir='ltr'>aut</span> <span class='ocrx_word' id='word_1_243' title='bbox 1271 3495 1303 3546; x_wconf 92' lang='lat' dir='ltr'>ab</span> <span class='ocrx_word' id='word_1_244' title='bbox 1324 3493 1381 3565; x_wconf 87' lang='lat' dir='ltr'>ipso</span> <span class='ocrx_word' id='word_1_245' title='bbox 1407 3511 1467 3546; x_wconf 86' lang='lat' dir='ltr'>eon·</span> 
     </span>
     <span class='ocr_line' id='line_1_31' title="bbox 413 3568 1467 3644; baseline -0.004 -18"><span class='ocrx_word' id='word_1_246' title='bbox 413 3568 921 3634; x_wconf 85' lang='lat' dir='ltr'>clamatorem.Namtantumaberat,ut</span> <span class='ocrx_word' id='word_1_247' title='bbox 963 3571 1034 3634; x_wconf 88' lang='lat' dir='ltr'>sule,</span> <span class='ocrx_word' id='word_1_248' title='bbox 1056 3584 1102 3624; x_wconf 90' lang='lat' dir='ltr'>aut</span> <span class='ocrx_word' id='word_1_249' title='bbox 1120 3573 1153 3625; x_wconf 89' lang='lat' dir='ltr'>ab</span> <span class='ocrx_word' id='word_1_250' title='bbox 1173 3573 1232 3626; x_wconf 90' lang='lat' dir='ltr'>alio.</span> <span class='ocrx_word' id='word_1_251' title='bbox 1254 3573 1304 3625; x_wconf 89' lang='lat' dir='ltr'>Hic</span> <span class='ocrx_word' id='word_1_252' title='bbox 1325 3573 1467 3644; x_wconf 78' lang='lat' dir='ltr'>intelligere</span> 
     </span>
     <span class='ocr_line' id='line_1_32' title="bbox 414 3647 1467 3724; baseline -0.002 -20"><span class='ocrx_word' id='word_1_253' title='bbox 414 3665 533 3724; x_wconf 85' lang='lat' dir='ltr'>tempore</span> <span class='ocrx_word' id='word_1_254' title='bbox 549 3649 700 3704; x_wconf 85' lang='lat' dir='ltr'>Cincinnati</span> <span class='ocrx_word' id='word_1_255' title='bbox 714 3661 768 3700; x_wconf 88' lang='lat' dir='ltr'>tota</span> <span class='ocrx_word' id='word_1_256' title='bbox 782 3647 857 3700; x_wconf 86' lang='lat' dir='ltr'>ltalia</span> <span class='ocrx_word' id='word_1_257' title='bbox 870 3649 921 3698; x_wconf 85' lang='lat' dir='ltr'>llo·</span> <span class='ocrx_word' id='word_1_258' title='bbox 963 3650 1084 3704; x_wconf 84' lang='lat' dir='ltr'>Valerius</span> <span class='ocrx_word' id='word_1_259' title='bbox 1098 3652 1204 3706; x_wconf 85' lang='lat' dir='ltr'>videtur</span> <span class='ocrx_word' id='word_1_260' title='bbox 1216 3654 1353 3706; x_wconf 88' lang='lat' dir='ltr'>consulum</span> <span class='ocrx_word' id='word_1_261' title='bbox 1366 3653 1467 3706; x_wconf 86' lang='lat' dir='ltr'>abdica·</span> 
     </span>
     <span class='ocr_line' id='line_1_33' title="bbox 413 3726 1466 3802; baseline -0.002 -18"><span class='ocrx_word' id='word_1_262' title='bbox 413 3732 498 3784; x_wconf 87' lang='lat' dir='ltr'>manis</span> <span class='ocrx_word' id='word_1_263' title='bbox 507 3742 625 3801; x_wconf 87' lang='lat' dir='ltr'>pareret,</span> <span class='ocrx_word' id='word_1_264' title='bbox 634 3741 664 3782; x_wconf 92' lang='lat' dir='ltr'>ut</span> <span class='ocrx_word' id='word_1_265' title='bbox 677 3747 711 3780; x_wconf 86' lang='lat' dir='ltr'>ne</span> <span class='ocrx_word' id='word_1_266' title='bbox 724 3726 831 3798; x_wconf 79' lang='lat' dir='ltr'>quidem</span> <span class='ocrx_word' id='word_1_267' title='bbox 845 3728 920 3780; x_wconf 80' lang='lat' dir='ltr'>Italia</span> <span class='ocrx_word' id='word_1_268' title='bbox 964 3730 1075 3796; x_wconf 85' lang='lat' dir='ltr'>tionem,</span> <span class='ocrx_word' id='word_1_269' title='bbox 1087 3751 1139 3802; x_wconf 90' lang='lat' dir='ltr'>qua</span> <span class='ocrx_word' id='word_1_270' title='bbox 1152 3733 1190 3784; x_wconf 91' lang='lat' dir='ltr'>illi</span> <span class='ocrx_word' id='word_1_271' title='bbox 1203 3736 1236 3786; x_wconf 86' lang='lat' dir='ltr'>ab</span> <span class='ocrx_word' id='word_1_272' title='bbox 1252 3733 1308 3786; x_wconf 91' lang='lat' dir='ltr'>aliis</span> <span class='ocrx_word' id='word_1_273' title='bbox 1320 3746 1382 3786; x_wconf 86' lang='lat' dir='ltr'>sunt</span> <span class='ocrx_word' id='word_1_274' title='bbox 1395 3731 1466 3784; x_wconf 88' lang='lat' dir='ltr'>abdi·</span> 
     </span>
     <span class='ocr_line' id='line_1_34' title="bbox 411 3806 1022 3883; baseline -0.002 -21"><span class='ocrx_word' id='word_1_275' title='bbox 411 3815 511 3883; x_wconf 79' lang='lat' dir='ltr'>proprt&#39;c</span> <span class='ocrx_word' id='word_1_276' title='bbox 525 3821 587 3860; x_wconf 83' lang='lat' dir='ltr'>tunc</span> <span class='ocrx_word' id='word_1_277' title='bbox 598 3809 624 3860; x_wconf 90' lang='lat' dir='ltr'>in</span> <span class='ocrx_word' id='word_1_278' title='bbox 637 3827 728 3860; x_wconf 87' lang='lat' dir='ltr'>eorum</span> <span class='ocrx_word' id='word_1_279' title='bbox 737 3806 838 3860; x_wconf 88' lang='lat' dir='ltr'>ditione</span> <span class='ocrx_word' id='word_1_280' title='bbox 845 3821 919 3862; x_wconf 84' lang='lat' dir='ltr'>esset.</span> <span class='ocrx_word' id='word_1_281' title='bbox 963 3809 1022 3861; x_wconf 88' lang='lat' dir='ltr'>cati.</span> 
     </span>
    </p>

    <p class='ocr_par' dir='ltr' id='par_1_7' title="bbox 413 3886 1467 4204">
     <span class='ocr_line' id='line_1_35' title="bbox 455 3886 1465 3964; baseline 0.002 -22"><span class='ocrx_word' id='word_1_282' title='bbox 455 3886 918 3960; x_wconf 81' lang='lat' dir='ltr'>3.Pinculr&#39;s.ldest‚expiationibus.</span> <span class='ocrx_word' id='word_1_283' title='bbox 1005 3891 1029 3942; x_wconf 83' lang='lat'>5.</span> <span class='ocrx_word' id='word_1_284' title='bbox 1051 3890 1125 3956; x_wconf 82' lang='lat' dir='ltr'>(laod</span> <span class='ocrx_word' id='word_1_285' title='bbox 1141 3895 1253 3964; x_wconf 83' lang='lat' dir='ltr'>sequitur.</span> <span class='ocrx_word' id='word_1_286' title='bbox 1276 3895 1326 3944; x_wconf 82' lang='lat' dir='ltr'>An.</span> <span class='ocrx_word' id='word_1_287' title='bbox 1345 3892 1381 3944; x_wconf 92' lang='lat' dir='ltr'>U.</span> <span class='ocrx_word' id='word_1_288' title='bbox 1403 3899 1465 3958; x_wconf 67' lang='lat' dir='ltr'>dap.</span> 
     </span>
     <span class='ocr_line' id='line_1_36' title="bbox 413 3965 1465 4036; baseline 0.005 -21"><span class='ocrx_word' id='word_1_289' title='bbox 413 4002 453 4014; x_wconf 85' lang='lat'>.-</span> <span class='ocrx_word' id='word_1_290' title='bbox 467 3967 641 4036; x_wconf 65' lang='lat' dir='ltr'>Marmputar.</span> <span class='ocrx_word' id='word_1_291' title='bbox 659 3965 741 4020; x_wconf 80' lang='lat' dir='ltr'>Adiis</span> <span class='ocrx_word' id='word_1_292' title='bbox 759 3969 863 4020; x_wconf 84' lang='lat' dir='ltr'>trahere</span> <span class='ocrx_word' id='word_1_293' title='bbox 876 3989 919 4020; x_wconf 86' lang='lat' dir='ltr'>or·</span> <span class='ocrx_word' id='word_1_294' title='bbox 962 3969 1218 4036; x_wconf 71' lang='lat' dir='ltr'>Liv.t⁷111,24‚25;</span> <span class='ocrx_word' id='word_1_295' title='bbox 1229 3973 1465 4024; x_wconf 62' lang='lat' dir='ltr'>attrectaverit.</span> 
     </span>
     <span class='ocr_line' id='line_1_37' title="bbox 413 4046 1467 4120; baseline 0.001 -19"><span class='ocrx_word' id='word_1_296' title='bbox 413 4065 483 4112; x_wconf 88' lang='lat' dir='ltr'>tum,</span> <span class='ocrx_word' id='word_1_297' title='bbox 495 4046 572 4098; x_wconf 86' lang='lat' dir='ltr'>multi</span> <span class='ocrx_word' id='word_1_298' title='bbox 585 4047 740 4102; x_wconf 86' lang='lat' dir='ltr'>simularunt</span> <span class='ocrx_word' id='word_1_299' title='bbox 751 4049 919 4118; x_wconf 88' lang='lat' dir='ltr'>antiquarum</span> <span class='ocrx_word' id='word_1_300' title='bbox 1004 4054 1030 4102; x_wconf 85' lang='lat'>6.</span> <span class='ocrx_word' id='word_1_301' title='bbox 1039 4050 1193 4104; x_wconf 66' lang='lat' dir='ltr'>Samnitibus.</span> <span class='ocrx_word' id='word_1_302' title='bbox 1201 4051 1328 4120; x_wconf 83' lang='lat' dir='ltr'>Samnites</span> <span class='ocrx_word' id='word_1_303' title='bbox 1340 4050 1421 4104; x_wconf 85' lang='lat' dir='ltr'>medii</span> <span class='ocrx_word' id='word_1_304' title='bbox 1433 4051 1467 4104; x_wconf 87' lang='lat' dir='ltr'>iu·</span> 
     </span>
     <span class='ocr_line' id='line_1_38' title="bbox 413 4125 1467 4204; baseline 0 -22"><span class='ocrx_word' id='word_1_305' title='bbox 413 4129 541 4202; x_wconf 76' lang='lat' dir='ltr'>gentium.</span> <span class='ocrx_word' id='word_1_306' title='bbox 551 4125 591 4178; x_wconf 87' lang='lat' dir='ltr'>Ita</span> <span class='ocrx_word' id='word_1_307' title='bbox 603 4125 703 4194; x_wconf 82' lang='lat' dir='ltr'>primos</span> <span class='ocrx_word' id='word_1_308' title='bbox 714 4146 774 4180; x_wconf 87' lang='lat' dir='ltr'>suos</span> <span class='ocrx_word' id='word_1_309' title='bbox 788 4141 918 4192; x_wconf 83' lang='lat' dir='ltr'>auctores,</span> <span class='ocrx_word' id='word_1_310' title='bbox 963 4140 1004 4182; x_wconf 84' lang='lat' dir='ltr'>ter</span> <span class='ocrx_word' id='word_1_311' title='bbox 1017 4130 1157 4198; x_wconf 83' lang='lat' dir='ltr'>Picenum,</span> <span class='ocrx_word' id='word_1_312' title='bbox 1172 4129 1343 4204; x_wconf 80' lang='lat' dir='ltr'>Campaniam</span> <span class='ocrx_word' id='word_1_313' title='bbox 1358 4145 1385 4184; x_wconf 85' lang='lat' dir='ltr'>et</span> <span class='ocrx_word' id='word_1_314' title='bbox 1398 4134 1467 4204; x_wconf 84' lang='lat' dir='ltr'>Apa·</span> 
     </span>
    </p>
   </div>
   <div class='ocr_carea' id='block_1_5' title="bbox 0 0 1596 5132">
    <p class='ocr_par' dir='ltr' id='par_1_8' title="bbox 0 0 1596 5132">
     <span class='ocr_line' id='line_1_39' title="bbox 0 0 1596 5132; baseline 0 0"><span class='ocrx_word' id='word_1_315' title='bbox 0 0 1596 5132; x_wconf 95' lang='lat' dir='ltr'> </span> 
     </span>
    </p>
   </div>
  </div>
 </body>
</html>
