3196 5122
252 485 354 554 CAP.
383 485 439 566 11,
468 482 533 552 DE
562 483 1052 552 RECONCILIATIONE.
1112 512 1183 584 ²77

120 619 260 714 gratiam
277 614 479 700 deflexum¹3
508 630 541 684 et
562 614 695 710 quidem
718 640 793 686 eum
815 613 889 686 laeto
908 613 982 686 stilo
1004 641 1187 712 prosequo-

120 750 205 794 mur.
232 725 319 794 Nam
344 724 371 792 si
397 721 564 818 placidum
593 746 684 792 mare
712 747 752 790 ex
777 745 912 816 asper0‚
943 720 1124 818 celumque
1148 751 1189 796 ex

120 829 236 900 nubilo
257 855 410 900 serenum
430 828 525 900 hilari
547 829 706 924 adspectu
730 830 887 916 sentitur;
913 829 939 898 si
960 828 1083 900 bellum
1107 856 1189 928 paco

121 951 302 1024 mutatum,
317 936 497 1032 plurimum
514 935 624 1032 gaudii
639 935 754 1006 affert:
773 935 976 1008 offensarum
992 938 1090 1006 etiam
1103 962 1190 1006 acer·

121 1045 207 1114 bites
224 1043 389 1138 deposito,
410 1039 568 1114 ceudida'
585 1042 743 1115 relatione
764 1039 961 1112 celebranda
981 1058 1039 1112 est.

180 1175 209 1220 1.
230 1153 278 1219 Μ.
301 1149 449 1222 AEmilius
472 1149 618 1246 Lepidus
636 1149 686 1218 bis
706 1134 854 1234 consul³‚
873 1163 906 1216 et
928 1149 1077 1244 pontifex
1101 1175 1188 1220 max.

121 1257 353 1352 splendorique
380 1257 547 1327 honorum
573 1280 635 1352 par
663 1257 825 1350 gravitate
853 1256 948 1342 vitre,
979 1255 1123 1326 diutinas
1151 1283 1190 1328 ac

122 1365 334 1434 vehementes
356 1365 543 1433 inimicitias
569 1387 644 1432 curn
667 1361 784 1430 Fulvio
808 1361 927 1430 Flacco
952 1361 1098 1454 ejusdem
1122 1388 1191 1432 nm·

121 1469 292 1564 plitudinis
310 1473 383 1540 viro
402 1472 511 1565 gessit.
532 1470 641 1558 Quos,
665 1483 701 1536 ut
723 1466 819 1538 simul
842 1493 995 1538 censores
1013 1472 1193 1550 renuntiati

122 1565 230 1664 sunt⁶‚
252 1579 286 1646 in
305 1603 424 1670 rnmpo
456 1576 624 1669 deposuit;
644 1576 853 1664 existimans,
875 1599 943 1644 non
961 1589 1115 1670 oportere
1137 1603 1192 1648 eos

11 1723 18 1736 .
120 1685 261 1778 privatis
279 1684 361 1752 odiis
379 1682 552 1770 dissidere,
571 1683 625 1776 qui
646 1680 777 1781 publice
796 1667 941 1772 summa⁵
954 1683 1062 1776 juncti
1084 1700 1193 1754 essent

120 1805 295 1884 potestate.
316 1789 355 1856 Id
367 1789 529 1882 judicium
546 1790 646 1856 animi
662 1790 731 1880 ejus
745 1803 779 1858 et
792 1813 935 1884 praesens
951 1804 1028 1858 aetns
1042 1816 1193 1884 compro·

120 1896 232 1980 bavit,
259 1909 292 1962 et
318 1895 413 1964 nobis
440 1909 566 1964 veteres
591 1894 759 1964 annalium
785 1896 962 1990 scriptores
990 1894 1191 1966 laudandum
1289 1979 1294 1988 ¹

120 2001 339 2070 tradiderunt.

182 2133 214 2176 2.
229 2108 330 2176 Sicuti
341 2108 427 2178 Livii
440 2132 572 2201 quoque
587 2091 794 2177 Salinatoris⁶
808 2105 1026 2178 finiendorum
1045 2108 1191 2178 simulta-

123 2229 196 2282 tum
216 2211 340 2282 illustre
359 2213 531 2287 consilium
545 2216 696 2308 ignotum
715 2216 899 2312 posteritati
914 2239 984 2284 esse
1002 2213 1190 2286 noluerunt.

121 2322 157 2388 Is
171 2344 331 2413 namque,
343 2323 402 2389 etsi
416 2319 576 2388 Neronis⁷
586 2320 663 2388 odio
681 2321 800 2388 ardens
814 2322 848 2388 in
860 2320 1007 2388 exsilium
1022 2321 1191 2414 profectus

122 2425 248 2514 fuerat,
259 2428 448 2496 testimonio
460 2427 530 2520 ejus
541 2428 706 2520 praecipue
717 2425 876 2510 afflictus,
891 2439 1002 2494 tamen
1015 2441 1192 2521 postquam

123 2557 199 2600 eum
219 2532 295 2600 inde
315 2547 507 2602 revocatum
530 2533 617 2600 cives
636 2531 796 2626 collegam
819 2529 864 2600 illi
885 2533 919 2600 in
938 2533 1112 2602 consulatu
1131 2533 1192 2602 de·

123 2638 262 2726 derunt,
282 2654 315 2707 et
332 2640 453 2734 ingenii
470 2639 538 2724 sui,
559 2637 739 2732 quoderat
759 2640 973 2726 acerrimum,
995 2654 1028 2707 et
1049 2641 1192 2734 injurios,

124 2768 224 2838 quarn
255 2747 483 2839 gravissimam
508 2757 701 2838 occeperat,
731 2743 879 2814 oblivisci
905 2745 966 2814 sibi
988 2746 1191 2840 imperavit:

124 2875 185 2935 ne,
210 2853 236 2919 si
254 2851 429 2928 dissidente
450 2852 561 2917 animo
584 2835 851 2920 consortionem⁸
873 2851 1003 2944 imperii
1019 2849 1192 2934 voluisset,

123 3041 225 3094 habent
244 3063 273 3093 ex
293 3045 437 3104 inimicitiis,
453 3055 481 3094 et
495 3040 586 3094 delent
608 3040 637 3093 in
680 3040 745 3111 giis,
760 3039 806 3110 qui
821 3037 992 3091 numerandis
1005 3041 1111 3112 punctis
1125 3061 1193 3113 prae·
1277 3093 1280 3112 ⁸

123 3121 244 3174 initiode
255 3125 292 3174 iis.
681 3131 773 3181 erant,
791 3115 935 3171 nuntiabant
946 3119 1062 3192 praeconi
1076 3139 1134 3182 eos,
1147 3123 1193 3193 qui

172 3219 197 3252 1.
219 3201 260 3252 Ab
272 3201 328 3252 odio
340 3201 374 3252 ad
386 3205 493 3270 gratiam
510 3201 636 3271 defhsnm.
682 3199 759 3252 electi
776 3199 890 3252 fueraut.
904 3199 938 3252 Et
951 3218 1038 3272 praeco
1055 3201 1143 3253 electis
1157 3221 1194 3252 re·

125 3282 169 3334 Ita
191 3279 299 3350 Pighius
317 3299 332 3332 e
352 3279 431 3334 codd.
452 3279 527 3332 MSS.
544 3277 637 3332 edidit.
683 3279 821 3339 nuntiabat,
840 3278 868 3331 id
881 3293 921 3332 est
935 3279 1031 3332 iterum
1046 3281 1192 3336 nuntiabat.

125 3359 183 3412 Alii
196 3357 300 3412 codices
318 3359 394 3412 MSS.
410 3372 436 3411 et
447 3355 522 3410 editt.
539 3358 639 3412 hebent
682 3361 830 3428 -Compo
847 3359 953 3412 Montio.

126 3441 244 3508 assecmn
269 3438 297 3490 in
323 3437 481 3510 quibusdam
504 3436 639 3491 oodlcihus
725 3441 750 3492 5.
775 3437 880 3492 Summa.
902 3439 970 3490 Nom
989 3457 1100 3490 censura
1119 3457 1194 3510 prone
1301 3449 1306 3466 ¹

127 3532 168 3574 est
182 3519 306 3588 effectum,
326 3519 389 3570 item
405 3519 534 3588 defluxum.
544 3517 640 3570 Melius
685 3519 811 3590 equalem
820 3519 969 3572 consulatui
978 3518 1072 3570 habuit
1083 3530 1196 3590 potesta·

128 3601 261 3670 dglleaenm,
280 3609 310 3650 ut
331 3611 394 3669 pote
409 3596 482 3669 quod
498 3617 553 3650 non
570 3597 656 3672 odje-¹
684 3611 746 3652 tem.

129 3679 230 3732 ctivum
240 3717 247 3744 ‚
259 3677 305 3730 sed
316 3677 509 3730 substantivum
519 3692 566 3732 est.
726 3683 752 3732 6.
765 3679 870 3732 Sicuti...
886 3675 1104 3730 Salinatorisvid.
1122 3697 1194 3749 supr.

171 3780 197 3812 ι.
221 3757 344 3812 Candida.
362 3757 466 3812 Livoris
482 3771 508 3812 et
527 3757 640 3811 tristitie
683 3759 742 3822 IV,
763 3778 794 3824 1,
817 3777 844 3826 9.
861 3757 894 3808 In
908 3756 999 3810 multis
1020 3755 1098 3810 codd.
1114 3758 1195 3810 libra·

130 3837 242 3911 experti.
685 3837 789 3890 riorum
802 3856 891 3890 errore
903 3837 999 3906 legitur
1010 3837 1081 3889 Sexti
1093 3838 1164 3889 Livii.

171 3919 198 3972 3.
218 3918 264 3970 Bis
279 3918 369 3971 consul.
384 3919 433 3970 An.
446 3917 482 3970 U.
500 3915 565 3988 574.
582 3919 639 3972 Liv.
726 3937 753 3988 7.
774 3917 887 3971 Nemnis.
909 3915 1036 3970 Claudius
1052 3917 1141 3982 Nero,
1160 3915 1194 3969 de

131 3998 197 4064 XL;
214 3997 282 4050 Gell.
303 3997 372 4061 XII,
395 4001 422 4054 8.
685 4017 739 4068 quo
754 4017 848 4068 sopra,
867 3997 923 4062 lv,
938 4015 972 4062 1,
987 4018 1014 4066 9.

171 4084 199 4140 d.
221 4079 360 4132 denuntiati
379 4089 443 4130 sunt.
460 4077 528 4130 Nam
551 4077 578 4128 in
596 4097 640 4130 co·
726 4079 753 4130 8.
781 4075 967 4130 consortionem.
992 4077 1194 4130 consortionem

132 4156 213 4210 mitiis
231 4158 345 4214 collectis
361 4178 409 4230 per
426 4171 523 4230 punctu
545 4157 640 4212 suffra·
686 4157 764 4210 etium
776 4158 869 4212 Cicero
881 4158 961 4212 hebet
974 4175 980 4209 :
994 4156 1055 4212 ideo
1068 4177 1122 4212 non
1137 4175 1196 4210 mu·

955 4243 1018 4327 18³
