3184 5132
392 509 461 580 rod
586 509 809 578 VALERII
843 509 1049 578 Mnxttttt
1077 511 1172 578 Ltn.
1205 511 1256 580 lI.

385 664 468 734 ego,
495 639 620 732 inquit,
648 637 717 723 lili,
742 663 908 708 summum
930 641 1104 733 imperium
1132 654 1226 710 tuum
1252 644 1455 736 contempsi,

386 746 443 818 sed
460 747 602 840 experiri
616 744 721 832 volui,
742 769 785 814 an
804 747 903 815 scires
920 743 1088 816 consulem
1105 769 1220 842 agere3
1239 771 1299 816 nec
1313 748 1455 842 ignoro,

386 850 465 946 quid
481 853 594 945 patriae
608 853 811 920 venerationi
825 850 1006 921 debeatur:
1021 875 1139 922 verum
1154 851 1287 947 publica
1304 854 1456 922 instituta

386 959 515 1052 privata
536 959 657 1051 pietate
677 959 805 1052 potiora
823 957 977 1050 judico.»

445 1086 476 1159 5.
493 1087 615 1158 Relatis
628 1091 670 1178 Q.
687 1087 796 1158 Fabii¹
814 1087 982 1176 laudibus,
1004 1087 1151 1158 offerunt
1164 1113 1198 1158 se
1211 1088 1359 1160 mirificae
1374 1114 1454 1158 con·
1567 1099 1568 1104 ’

390 1197 517 1265 stantiae
535 1196 613 1263 viri:
632 1197 690 1289 qui
712 1193 825 1290 legati²
847 1219 866 1263 a
885 1209 1000 1264 senatu
1021 1197 1201 1264 Tarentum
1220 1196 1261 1264 ad
1280 1221 1332 1264 res
1354 1221 1454 1290 repe-

390 1300 504 1370 tendas
531 1301 636 1389 missi,
661 1326 763 1396 quum
787 1302 994 1396 gravissimas
1013 1301 1058 1369 ibi
1079 1301 1213 1395 injurias
1233 1302 1455 1396 accepissent,
1567 1343 1568 1348 κ

390 1432 476 1475 unus
489 1409 587 1477 etiam
600 1408 696 1476 urina
709 1431 876 1502 respersus
888 1422 989 1492 esset,
1007 1409 1040 1476 in
1056 1407 1240 1494 theatrum,
1256 1423 1294 1476 ut
1308 1423 1359 1478 est
1375 1432 1454 1476 con·

391 1513 530 1582 suetudo
552 1515 706 1602 Graeciae,
725 1513 920 1600 introducti,
942 1513 1154 1608 legationem,
1176 1513 1296 1608 quibus
1316 1537 1454 1607 accepe-

391 1634 467 1688 rant
485 1618 610 1703 verbis,
633 1634 855 1713 peregerunt:
875 1618 917 1688 de
934 1620 1000 1706 his,
1021 1644 1093 1713 quae
1115 1621 1201 1714 passi
1215 1635 1326 1706 erant,
1346 1619 1454 1714 questi
1567 1609 1568 1630 ¹

392 1749 459 1794 non
473 1739 567 1812 sunt;
588 1750 630 1792 ne
648 1724 727 1818 quid
741 1723 827 1794 ultra
845 1750 884 1794 ec
897 1725 1090 1794 mandatum
1106 1739 1206 1813 esset,
1221 1723 1452 1820 loquerentur:

391 1832 572 1925 insitusque
591 1831 780 1926 pectoribus
801 1856 915 1900 eorum
936 1834 1061 1926 antiqui
1076 1834 1178 1900 moris
1192 1846 1377 1925 respectus,
1396 1831 1454 1898 do-

393 1935 480 2024 lore,
499 1938 554 2032 qui
573 1963 613 2006 ex
628 1936 827 2006 contumelia
839 1939 1049 2032 gravissimus
1061 1939 1214 2026 sentitur,
1234 1936 1376 2006 convelli
1387 1961 1454 2004 non

392 2045 509 2138 potuit.
529 2045 642 2112 Finem
661 2043 811 2138 profecto
825 2043 1038 2112 fruendarum
1052 2067 1154 2138 opum
1167 2028 1191 2130 ³,
1212 2044 1331 2138 quibus
1347 2043 1392 2113 ad
1407 2046 1453 2111 in·

392 2149 514 2218 vidiam
529 2148 585 2217 diu
603 2150 845 2238 abundaveras,
868 2151 1030 2218 tarentina
1042 2151 1173 2237 civitas,
1196 2151 1349 2244 quaesisti.
1365 2151 1454 2220 Nam

392 2254 472 2324 dum
493 2254 635 2324 horridae
654 2257 784 2324 virtutis
802 2256 836 2322 in
854 2280 888 2324 se
903 2242 1032 2350 ipsum⁴

393 2374 482 2446 tum,
502 2360 608 2428 nitore
631 2361 770 2430 fortunae
792 2364 960 2454 praesentis
982 2361 1094 2430 inflata
1114 2361 1278 2430 fastidiose
1299 2361 1453 2444 aestimas,

393 2467 427 2532 in
449 2464 663 2559 praevalidum
685 2468 812 2562 imperii
833 2469 936 2537 nostri
962 2491 1154 2536 mucronem
1180 2491 1266 2538 caeca
1287 2481 1320 2536 et
1338 2489 1453 2536 amens

392 2571 524 2638 irruisti.

446 2681 480 2752 6.
501 2684 565 2755 Sed
583 2699 652 2753 uta
671 2683 749 2753 luxu
771 2685 906 2780 perditis
917 2675 1085 2758 moribus⁵
1103 2689 1145 2758 ad
1159 2691 1361 2759 severissima
1380 2711 1452 2756 rnn-

436 2907 461 2941 t.
479 2889 512 2957 Q.
522 2887 601 2942 Fabii.
613 2888 687 2960 Pigh.
695 2888 834 2943 Fabianam.
849 2889 901 2943 Sed
987 2893 1012 2946 3.
1028 2892 1193 2945 Fruendorum
1211 2911 1286 2962 opum.
1303 2891 1366 2962 Leg.
1381 2890 1452 2942 Flor.

394 2965 516 3022 inoodd.
537 2967 609 3022 MSS.
632 2982 659 3022 et
677 2967 737 3023 edd.
755 2981 793 3022 est
812 2970 900 3032 Fabii,
946 2971 974 3034 1,
993 2975 1044 3038 ιθ,
1071 2991 1116 3042 ²7·
1135 2971 1282 3042 Triumpho
1303 2967 1401 3022 deinde
1421 2967 1454 3022 de

394 3047 454 3118 quia
468 3049 557 3102 Valer.
575 3061 605 3100 ut
619 3047 700 3101 modo
712 3047 842 3115 diximus,
854 3050 902 3102 uni
945 3051 1095 3104 Tarentinis
1104 3051 1209 3115 habito,
1218 3051 1306 3103 nullus
1315 3061 1391 3102 antea
1401 3049 1455 3102 fue·

394 3127 476 3180 Fabio
498 3127 606 3193 tribuit,
630 3126 703 3200 quod
724 3127 834 3182 dirersis
854 3129 903 3182 tri·
945 3142 986 3182 rat
996 3131 1146 3200 speciosior.
1155 3130 1340 3202 Megnnseniru
1349 3127 1453 3182 diritius

393 3207 475 3260 buere
489 3204 609 3260 debebat.
945 3227 977 3262 ex
988 3208 1037 3262 bro
1051 3209 1162 3262 victoris
1173 3210 1243 3262 nacti
1257 3221 1318 3262 suut
1331 3206 1452 3261 Romani.

437 3306 462 3340 a.
481 3285 532 3355 Qui
547 3286 629 3355 legati.
642 3285 692 3338 An.
704 3285 740 3338 U.
755 3293 821 3356 47¹·
836 3285 902 3340 Vid.
987 3295 1013 3353 4.
1026 3289 1056 3340 In
1068 3308 1092 3340 se
1103 3293 1178 3359 iprum
1192 3301 1242 3342 etc.
1261 3291 1386 3342 Tarentini
1399 3305 1453 3340 ma·

393 3365 451 3419 Liv.
466 3365 535 3432 xl1;
550 3365 621 3418 Flor.
640 3365 670 3431 I,
689 3367 741 3430 185
760 3365 903 3438 Dionysius
945 3367 1003 3439 gnis
1021 3369 1165 3422 multarum
1185 3369 1303 3439 gentium
1317 3379 1343 3420 et
1356 3364 1454 3438 Pyrrhi

394 3443 536 3498 HaliolV.
549 3476 589 3488 -
600 3443 842 3514 Admmpeeendai.
856 3446 904 3500 Est
946 3447 1040 3519 opibus
1059 3460 1134 3500 erant
1152 3449 1263 3502 sullulti.
1279 3448 1393 3500 Romani
1409 3462 1454 3500 sua

396 3523 508 3576 formula
519 3523 639 3596 quedam
650 3524 779 3590 solennis,
795 3543 845 3596 qun
853 3527 904 3578 llo·
946 3527 1064 3580 contenti
1076 3528 1173 3580 virtute
1186 3540 1213 3580 et
1224 3528 1319 3594 armis,
1330 3525 1454 3580 adversus

395 3604 693 3668 moniutebantur,non
701 3601 904 3658 modoinrebus
946 3618 985 3658 tot
992 3606 1110 3676 gentium
1118 3603 1454 3678 potentiamnonaudaotet

396 3681 790 3750 retentisablatisre,sedetium
801 3684 903 3754 quoties
946 3683 1040 3750 modo,
1065 3685 1110 3740 sed
1132 3687 1242 3740 feliciter
1260 3686 1339 3739 etiem
1354 3685 1452 3738 bellum

395 3758 446 3812 eibi
461 3760 580 3816 satisfieri
595 3774 640 3816 aut
654 3764 777 3834 injuriam
787 3763 904 3835 reparari
947 3765 995 3818 soli
1015 3783 1123 3836 gessere.
1145 3797 1184 3810 -
1206 3765 1351 3820 Comum.
1372 3764 1453 3816 Liber

396 3839 567 3892 volebant.-
577 3841 728 3896 Consuetudo
737 3841 903 3898 Groecioe.Ta·
947 3846 1014 3898 Dan.
1030 3865 1171 3910 convexum,
1186 3843 1215 3898 id
1231 3857 1283 3912 est,
1300 3843 1452 3916 glomum,

395 3930 498 3970 rentum
514 3920 600 3985 enim,
614 3922 677 3974 urbe
688 3922 831 3989 Calabriae,
840 3935 904 3976 teste
948 3937 1025 3996 atque
1037 3923 1317 3995 ndeofirmumGuyet.
1330 3923 1453 3994 conjicie-

396 3997 491 4062 Floro,
506 3998 552 4068 qui
566 3999 673 4054 uberim
690 4019 748 4055 eam
763 4001 903 4068 describit,
946 4005 991 4058 bat
1006 4008 1145 4066 conabum,
1163 4017 1189 4056 et
1201 4005 1238 4058 sio
1250 4001 1336 4058 edidit
1348 4010 1452 4056 mouns.

395 4077 794 4148 opuseratLacedoemoniorum
807 4095 833 4136 et
845 4083 904 4155 qui·
948 4102 1080 4156 exponens
1094 4101 1101 4136 :
1118 4087 1219 4136 imiteris
1234 4087 1258 4135 in
1273 4104 1298 4135 se
1310 4087 1394 4154 ipim

396 4154 455 4208 dem
470 4153 599 4222 Phalanti,
608 4155 811 4214 Partheniorum
820 4159 904 4218 ducis.
990 4165 1014 4216 5.
1030 4164 1101 4216 Luxu
1112 4164 1213 4235 perditis
1228 4163 1338 4216 northus.
1353 4162 1454 4216 Taren·

1050 2279 1236 2326 connexum
1254 2253 1454 2324 stabilimen·
1567 2343 1568 2352 ἵ
