3190 5122
406 500 481 576 350
604 499 829 570 VALERII
862 499 1072 570 ΜΔΧΙΜῙ
1105 501 1203 571 LIB.
1231 503 1274 572 V.
1583 604 1584 644 ,

404 636 511 705 aureis
529 634 577 702 uti
591 631 796 728 segmentis¹.
814 635 922 727 Super
942 633 1013 702 haec
1035 632 1138 702 aedern
1158 647 1191 702 et
1207 657 1298 702 aram
1317 635 1477 704 Fortuna
1583 661 1584 688 ι

405 739 578 810 Muliebri²
604 765 643 808 eo
669 738 760 828 loco,
785 762 851 834 quo
875 738 1072 808 Coriolanus
1090 753 1243 808 exoratus
1268 740 1397 824 fuerat,
1424 742 1476 810 fa·

403 847 555 918 ciendam
582 847 729 934 curavit,
748 869 929 914 memorem
953 845 1104 914 beneficii
1121 848 1268 916 animum
1290 871 1390 916 suurn
1419 871 1473 916 ex·

403 955 524 1049 quisito
544 951 709 1082 religionis
731 950 822 1020 cultu
844 951 1004 1036 testando.

456 1045 589 1148 Quem³
613 1057 747 1127 secundi
767 1059 864 1127 etiam
891 1056 967 1127 belli
994 1058 1106 1152 punici
1127 1071 1277 1152 tempore
1300 1058 1473 1128 exhibuit:

404 1191 507 1260 quum
532 1167 620 1233 enirn
638 1189 658 1232 a
677 1163 792 1233 Fulvio
812 1159 928 1258 Capua
946 1163 1169 1246 obsideretur,
1184 1189 1224 1234 ac
1243 1164 1317 1234 duae
1344 1189 1474 1260 campa

405 1295 456 1342 nte
479 1269 630 1340 mulieres
655 1270 917 1340 benevolentiam
940 1295 1030 1408 erga
1043 1273 1213 1340 Romanos
1237 1271 1406 1340 dimittere
1433 1297 1473 1340 ex

405 1379 520 1448 animis
538 1377 736 1484 noluissent,
757 1380 871 1446 Vestia
888 1364 1030 1472 Opidia⁴
1053 1376 1315 1464 materfamilias,
1336 1393 1372 1446 et
1388 1377 1471 1448 Clu-

404 1486 459 1554 via
480 1483 601 1554 Facula
629 1453 802 1571 meietrix3
828 1507 968 1578 quarum
988 1481 1091 1552 altera
1112 1483 1258 1577 quotidie
1279 1507 1346 1578 pro
1366 1483 1471 1554 salute

405 1593 509 1662 nostri
529 1591 690 1660 exercitus
708 1589 922 1674 sacrificavit,
942 1588 1045 1660 altera
1060 1591 1164 1685 captis
1178 1588 1337 1660 militibus
1353 1593 1471 1660 Roma·

405 1723 525 1768 norum
556 1695 710 1776 alimenta
740 1681 1011 1766 subministrare⁵
1036 1721 1104 1764 non
1132 1695 1284 1784 destitit;
1313 1697 1393 1766 urbe
1414 1696 1470 1766 illa

402 1827 579 1898 oppressa,
598 1817 730 1872 senatus
748 1803 800 1871 his
817 1817 851 1871 et
868 1802 1052 1872 libertatern
1067 1817 1100 1872 et
1118 1803 1205 1872 bona
1220 1805 1380 1892 restituit;
1396 1805 1470 1872 etsi

404 1909 483 2006 quid
499 1908 642 2028 amplius
661 1910 785 2003 praemii
802 1911 985 2004 petiissent,
1003 1909 1143 1979 libenter
1161 1933 1196 1978 se
1212 1908 1368 1978 daturum
1384 1934 1468 1980 asse·

405 2017 540 2086 veravit.
555 2017 725 2086 Vacasse
717 2040 750 2083 sn
766 2030 859 2084 tanto
877 2016 998 2111 gaudio
1016 2015 1165 2111 patribus
1179 2017 1376 2109 conscriptis
1390 2015 1467 2086 dua·

404 2121 466 2192 bus
484 2121 662 2192 humilibus
680 2122 809 2192 feminis
833 2121 955 2192 referre
977 2125 1132 2218 gratiam,
1158 2121 1281 2191 nedum
1306 2137 1376 2191 tam
1403 2147 1468 2218 prae

405 2253 439 2296 se
445 2213 605 2314 ⁶tulisse,
622 2228 818 2298 mirandum.

459 2360 493 2404 a.
518 2334 609 2422 Quid
635 2333 689 2402 illa
718 2359 848 2428 quoque
869 2335 1043 2428 juventute
1069 2357 1205 2404 romana
1226 2336 1373 2430 gratius,
1397 2360 1468 2429 que

405 2441 443 2509 C.
463 2441 587 2510 Nautio
607 2454 641 2509 et
660 2441 809 2509 Minucio
833 2441 938 2510 coss.⁷
965 2440 1053 2512 ultro
1085 2443 1218 2511 nomina
1249 2466 1308 2510 sua
1335 2441 1467 2510 militari

405 2559 610 2616 sacramento
637 2543 770 2634 obtulit,
797 2561 835 2618 ut
854 2547 1064 2636 Tusculanis,
1091 2572 1233 2642 quorum
1261 2547 1344 2618 fines
1371 2549 1466 2642 AEqui

450 2739 631 2810 nSegsuenn's.
648 2739 785 2812 segmenta
804 2742 914 2804 monilia
957 2741 1287 2816 Cujusrcrumnorneuin
1298 2741 1464 2794 lectionisre·

406 2830 432 2872 et
443 2819 493 2873 alra
503 2831 657 2874 ornemente
667 2819 854 2874 dissectasunt.
864 2823 915 2876 Oc·
956 2822 1049 2876 rietste
1064 2841 1138 2894 eque
1156 2822 1288 2876 incertum
1303 2833 1347 2874 est.
1369 2821 1460 2882 lhos,

405 2911 593 2953 curruntete
569 2919 646 2970 κομι
633 2913 722 2952 estare
738 2913 824 2954 uestes.
833 2902 914 2954 Juxta
956 2903 1053 2962 Druna,
1070 2903 1133 2954 item
1156 2885 1258 2954 Driirsic
1272 2902 1365 2974 passim
1383 2917 1465 2953 roce-

406 2979 469 3032 slios
484 2992 546 3032 sunt
557 2991 691 3050 segmenta
702 2981 787 3034 lesere
795 2982 913 3050 ,quibus
957 2993 1014 3047 tur,
1026 2983 1237 3054 Daciaequoque
1254 3001 1283 3034 ac
1299 2981 1394 3034 Clunia.

405 3059 548 3112 mulierum
562 3059 692 3112 nobilium
708 3073 786 3132 caput
799 3061 913 3113 circum·
998 3061 1023 3114 5.
1052 3061 1245 3114 Subministmn.
1270 3060 1344 3114 MSS.
1369 3079 1463 3113 novem

405 3137 482 3191 datur
504 3157 510 3191 :
530 3141 603 3210 justa
624 3140 688 3192 alios
708 3138 823 3210 denique
843 3141 913 3193 strias
955 3157 1016 3192 curu
1032 3137 1074 3192 ed.
1093 3141 1166 3212 Mop.
1194 3145 1349 3202 ministr-m,-
1371 3137 1464 3194 eodem

404 3219 516 3271 restium
531 3235 615 3270 soree
628 3231 673 3270 eut
684 3219 862 3271 versicolores.
956 3237 1042 3272 sensu.
1059 3219 1117 3274 Liv.
1129 3221 1239 3287 XXIV,
1257 3225 1308 3284 ιδ,
1328 3223 1373 3274 ι8.

446 3317 471 3351 ι.
486 3299 603 3350 Fortunoe
620 3297 742 3350 Muliebri.
755 3292 818 3350 vid.
833 3315 912 3370 suprs
995 3301 1022 3351 6.
1044 3299 1103 3350 Proe
1122 3321 1154 3352 se.
1176 3301 1280 3372 Lipsius
1294 3300 1356 3352 loco
1374 3319 1428 3370 pra
1440 3319 1463 3350 se

406 3379 433 3440 1,
446 3377 480 3441 8,
495 3383 521 3440 4.
535 3408 575 3422 -
589 3377 629 3428 Ec
641 3377 759 3430 ἱκανὴ
772 3377 864 3429 Latine
878 3377 912 3431 ud
954 3377 1055 3430 mavult
1064 3382 1276 3450 pmperiter,·non
1286 3379 1372 3443 male,
1382 3397 1462 3451 quum

404 3459 444 3510 IV
462 3457 623 3510 milliarium.
954 3459 1074 3512 beneficii
1088 3459 1207 3512 celeritas
1221 3455 1288 3511 illud
1301 3471 1405 3530 augeat.

445 3539 469 3589 3.
484 3539 533 3588 dn.
544 3537 578 3589 U.
593 3535 659 3600 541,
673 3536 720 3598 dd.
731 3534 789 3586 Liv.
802 3535 911 3601 XXVI,
993 3555 1020 3608 7.
1036 3538 1066 3590 C.
1080 3538 1206 3590 Nautioet
1220 3539 1329 3591 Minucio
1342 3557 1401 3590 coss.
1411 3539 1460 3590 dn.

408 3633 460 3680 ιι,
478 3622 521 3668 ι6.
954 3616 988 3668 U.
1009 3617 1217 3684 295.Liv.111,
1234 3621 1285 3684 ²63
1303 3620 1412 3688 Dionys.
1423 3617 1458 3668 X.

444 3701 470 3757 4.
486 3697 514 3745 V
511 3699 571 3745 estio
585 3695 686 3765 Opidia.
699 3693 782 3747 aliter
793 3695 820 3746 in
831 3693 909 3748 codd.
954 3696 1091 3767 Discrepet
1102 3697 1129 3749 in
1139 3697 1247 3751 historia
1259 3698 1293 3750 ab
1302 3697 1461 3768 hisscripto-

403 3775 507 3845 passim.
524 3775 635 3827 Colerus
652 3774 758 3846 conjicit
771 3773 910 3844 legendum
953 3775 1027 3828 ribus
1035 3777 1244 3844 Valerius,slios
1258 3779 1328 3831 forte
1338 3789 1461 3849 sequutus

404 3853 911 3926 Verulis,quiaVestiliequ'usdammu·
953 3855 1079 3908 annales:
1095 3855 1123 3908 hi
1144 3858 1215 3910 enim
1233 3859 1351 3911 triennio
1373 3869 1462 3928 postes

403 3932 474 3986 lieris
484 3951 599 3986 romanu
612 3935 773 3988 mentionem
783 3935 845 3987 iacit
856 3935 910 3987 Pli·
953 3935 1107 3989 Tusculanis
1139 3935 1230 3990 danim
1254 3939 1381 3990 auxilinm
1409 3949 1461 3988 tra·

402 4012 470 4064 nius.
491 4015 525 4064 At
551 4013 657 4066 Vestiam
685 4033 791 4086 quoque
813 4033 909 4068 nomen
952 4011 1035 4081 dunt,
1051 4035 1143 4068 verum
1160 4017 1201 4070 lais
1216 4035 1281 4070 coss.
1295 4020 1461 4086 juventutem

402 4091 530 4143 muliebre
548 4093 643 4158 luisse,
659 4107 731 4164 patet
754 4113 786 4146 ex
802 4094 910 4147 Gruteri
953 4095 1023 4147 ultro
1037 4114 1109 4148 erma
1126 4097 1225 4168 cepisse
1242 4109 1334 4150 contre
1349 4095 1460 4150 Sabinos

401 4169 536 4240 iuscriptt.
546 4189 574 4240 p.
586 4173 794 4233 ard-Cluuia
806 4173 907 4226 Facula.
952 4175 1043 4228 scribit
1061 4174 1160 4230 Livius.
1175 4209 1215 4222 -
1234 4177 1322 4249 AEqus'.
1339 4177 1460 4230 Romano
