3184 5132
393 421 464 508 146
597 421 823 490 VALERII
851 421 1058 490 MlleMl
1085 423 1178 490 LIB.
1207 424 1256 490 ll.

386 555 577 651 praelectus,
593 553 807 648 fugitivorum
822 551 1029 622 multitudine
1043 554 1187 623 hostium
1205 556 1448 626 circumventus

386 686 478 730 arma
499 663 535 730 iis
557 659 758 746 tradidisset,
785 659 837 728 his
859 659 1051 753 preelectum
1070 661 1257 754 ignominiae
1274 664 1447 755 generibus

386 767 506 836 allecit.
530 768 632 836 Jussit
653 791 728 834 eum
748 781 826 860 toga
845 764 989 834 laciniis¹
1012 765 1160 835 abscissis
1188 767 1365 851 amictum,
1385 767 1446 837 dis·

308 893 335 902 ''
385 877 557 967 cinctaque
588 875 699 942 tunica
726 871 898 959 indutum,
927 871 1024 941 nudis
1058 873 1219 966 pedibus,
1247 897 1267 942 a
1292 899 1389 942 mane
1413 877 1445 942 in

384 995 515 1048 noctem
530 979 683 1073 usquead
695 979 854 1072 principia
865 1003 925 1073 per
936 1003 1034 1047 omne
1048 993 1177 1073 tempus
1189 977 1311 1048 militiae
1323 981 1443 1050 adesse.

382 1085 557 1155 Interdixit
584 1087 682 1154 etiam
702 1087 732 1153 ei
755 1087 944 1153 convictum
966 1084 1168 1170 hominum²‚
1195 1111 1357 1180 usumque
1374 1086 1443 1155 bal-

381 1217 534 1261 nearum:
550 1176 755 1285 turmasque³
771 1192 933 1284 equitum,
946 1191 1265 1286 quihuspraefuerat,
1283 1192 1443 1286 ademptis

381 1301 471 1393 equis
497 1301 529 1366 in
554 1297 757 1366 funditorum
781 1295 847 1365 alas
868 1299 1083 1390 transcripsit.
1113 1300 1274 1393 Magnum
1294 1299 1442 1392 profecto

378 1404 521 1474 dedecus
545 1407 658 1500 patriae
680 1427 800 1498 magno
827 1404 954 1472 Pisonis
977 1391 1114 1472 decore⁴
1137 1404 1340 1474 vindicatum
1362 1419 1440 1474 est:

378 1514 533 1605 quoniam
554 1510 686 1604 quidem
704 1510 736 1578 id
755 1511 822 1604 egit
841 1511 933 1596 Piso,
948 1523 985 1577 ut
1003 1512 1074 1603 qui,
1089 1511 1267 1604 cupiditate
1285 1513 1361 1580 vitae
1381 1511 1440 1579 ad-

377 1617 482 1702 ducti,
511 1641 609 1686 cruce
634 1616 831 1710 dignissimis
860 1615 1003 1710 fugitivis
1027 1629 1151 1710 tropeea
1176 1617 1216 1685 de
1242 1635 1276 1685 se
1298 1631 1439 1686 statuere

377 1737 625 1810 concesserant,
654 1722 860 1815 libertatique
888 1746 954 1790 suae
982 1721 1090 1790 servili
1117 1747 1218 1790 manu
1240 1723 1438 1818 flagitiosum

376 1831 501 1924 imponi
514 1831 633 1924 jugum
649 1855 716 1898 non
735 1829 950 1912 erubuerant,
969 1851 1116 1896 amarum
1133 1828 1215 1898 lucis
1231 1853 1328 1898 usum
1342 1854 1437 1924 expe·

376 1939 538 2020 rirentur,
553 1952 776 2030 mortemque,
786 1959 882 2029 quam
895 1933 1082 2003 effeminate
1097 1937 1290 2022 timuerant,
1304 1935 1438 2005 viriliter

375 2068 395 2110 o
421 2057 536 2111 tarent.

397 2068 418 2136 p
434 2171 489 2218 10.
506 2151 576 2216 Nec
596 2149 703 2216 minus
723 2149 840 2215 Pisone
858 2147 977 2214 acriter
989 2147 1031 2235 Q
1042 2132 1232 2216 'Metellus⁵:
1256 2149 1312 2241 qui
1335 2173 1435 2242 quum

375 2255 464 2348 apud
483 2238 715 2323 Contrebiam⁶
738 2277 790 2321 res
813 2268 999 2347 gereretur,
1022 2251 1197 2322 collocatas
1216 2277 1234 2322 a
1253 2278 1287 2324 se
1305 2256 1338 2322 in
1356 2278 1434 2348 qua-

419 2443 643 2510 1.Jussteeumeoga
650 2441 751 2503 laciniis,
758 2439 882 2494 ete.Hanc
928 2453 1023 2504 terme,
1043 2443 1104 2512 quia
1119 2441 1240 2496 terdenos
1255 2443 1349 2496 hebuit
1361 2445 1433 2514 equi·

375 2542 479 2596 poenam
486 2521 882 2595 posteainsteuraritlluguetus,
926 2533 985 2574 tes:
1001 2521 1026 2572 Χ
1041 2541 1131 2573 earum
1144 2523 1345 2594 compleverimt
1359 2524 1433 2576 alam.

375 2603 477 2674 antiqui
494 2601 576 2654 moris
591 2599 796 2665 amantissimus,
810 2599 882 2670 qnod
926 2601 994 2653 Sunt
1008 2617 1071 2672 ergo
1088 2613 1182 2654 turmae
1198 2603 1226 2653 in
1242 2603 1297 2666 ela,
1310 2617 1376 2674 quot
1389 2622 1432 2654 oo-

374 2683 493 2736 relerunt
501 2681 619 2745 sueton,
630 2693 656 2732 et
666 2677 809 2731 Herodian.
819 2680 845 2744 l,
856 2699 881 2733 a.
925 2679 1014 2732 hortes
1026 2679 1053 2732 in
1063 2682 1180 2751 legione,
1193 2693 1219 2733 et
1228 2680 1356 2746 decuriae,
1370 2695 1432 2753 quot

417 2783 442 2816 ².
459 2760 596 2814 Conuiuium
612 2760 737 2811 liomuuuu.
761 2759 801 2810 Ne
821 2777 882 2810 cum
924 2760 1068 2830 manipuli3
1096 2773 1177 2812 terne
1192 2763 1263 2813 enim
1284 2763 1312 2813 in
1338 2775 1431 2814 turma.

375 2842 431 2895 eliis
441 2841 520 2894 simul
536 2841 625 2893 cibum
639 2851 751 2910 caperet.
766 2869 806 2880 --
820 2838 881 2890 Bal·
925 2839 984 2892 Δία·
992 2840 1110 2910 equitum
1122 2841 1159 2892 sic
1171 2839 1260 2904 dicte,
1273 2840 1346 2912 quod
1358 2839 1433 2912 pedi·

374 2941 478 2974 aearum.
487 2921 637 2973 Priscorum
643 2921 823 2972 Romanorum
830 2918 883 2970 bul·
925 2931 962 2970 tes
979 2920 1100 2992 tegebant
1115 2921 1215 2972 alarum
1230 2921 1297 2972 viee.
1310 2953 1351 2964 --
1364 2922 1431 2974 Fun-

373 3021 422 3054 nea
443 2998 587 3054 admodum
609 3017 682 3063 rara,
707 3011 881 3070 preterquam
924 2999 1035 3051 dirorum.
1051 2997 1220 3062 Funditoies,
1239 3016 1320 3070 genus
1333 3001 1431 3052 militie

374 3080 447 3152 quod
458 3079 564 3133 brachia
578 3093 604 3131 et
618 3097 694 3130 crure
704 3076 823 3149 quotidie
835 3079 880 3128 eb·
923 3077 1092 3143 uilissimum,
1114 3079 1159 3149 qui
1175 3077 1282 3148 glandes
1297 3078 1386 3132 lundis
1403 3079 1430 3131 in

374 3161 497 3224 luebant,
511 3157 818 3211 cumlacieetmanibus.
829 3156 884 3207 Sci·
924 3157 1011 3208 hostes
1032 3159 1206 3228 torquebant,
1229 3159 1256 3209 in
1274 3159 1366 3229 quinte
1385 3157 1430 3210 de·

374 3241 420 3311 pio
432 3256 538 3312 quoque
551 3255 629 3289 usum
644 3236 796 3288 balnearum
811 3235 881 3286 mili·
924 3254 997 3288 mum
1018 3255 1108 3289 earum
1122 3237 1242 3290 classium
1257 3250 1346 3304 erent,
1368 3257 1429 3310 ques

374 3320 444 3372 tibus
466 3319 519 3372 suis
545 3313 688 3369 interdixit.
712 3313 763 3366 Setl
784 3312 881 3366 deinde
923 3315 1029 3367 Seruius
1049 3317 1153 3370 Tullius
1173 3315 1306 3388 pedestres
1326 3319 1428 3370 lecerat.

374 3417 464 3452 earum
485 3415 547 3450 usus
566 3394 730 3466 frequentior
751 3394 833 3446 iactus
852 3393 880 3445 in
923 3393 993 3446 Vide
1003 3396 1060 3448 Liv.
1072 3397 1101 3461 l,
1118 3397 1164 3457 45.
1177 3398 1210 3448 llt
1223 3397 1323 3468 equites
1335 3397 1428 3468 expri-

374 3478 432 3548 ipso
453 3478 578 3530 exercitu.
598 3475 728 3527 Ceterum
745 3474 785 3525 vel
802 3473 880 3524 levis·
922 3474 1041 3526 moribus
1056 3476 1168 3528 civitatis
1180 3477 1344 3530 constabunt.

374 3557 445 3608 rimie
464 3575 521 3620 res,
540 3573 599 3626 quea
618 3553 731 3606 inlnmiae
751 3552 879 3604 maculam
963 3560 989 3615 Δ.
1007 3553 1100 3622 Magno
1113 3555 1209 3607 Pisonis
1224 3557 1313 3608 decore.
1330 3555 1426 3609 Passim

373 3646 527 3705 aspergunt,
543 3635 649 3686 maximi
664 3651 731 3704 seepe
746 3643 807 3684 runt
821 3649 879 3684 mo·
922 3651 1009 3702 magno
1024 3633 1146 3696 dedecore,
1164 3633 1251 3688 deleto
1263 3637 1379 3698 Puonis;
1391 3633 1428 3687 id·

372 3710 880 3781 mentiinexercitn,edimhellemigna-
921 3729 973 3782 que
985 3713 1117 3766 Torrenio
1132 3715 1225 3784 placet.

372 3794 442 3846 viam
451 3790 584 3844 audaciori
591 3790 746 3844 fortitudine
755 3809 878 3862 compen·
963 3791 990 3846 5.
1008 3793 1040 3862 Q.
1063 3793 1182 3847 Metellus.
1198 3795 1250 3860 Qui
1266 3793 1425 3864 iugurthino

370 3869 498 3927 tundam:
514 3871 607 3924 melius
623 3871 703 3923 animi
719 3891 789 3924 acres
805 3884 877 3923 metu
920 3872 1021 3941 primus
1035 3885 1106 3943 terga
1119 3871 1183 3926 dure
1194 3873 1286 3943 coegit.
1298 3872 1369 3926 Vide
1376 3875 1425 3925 Au-

370 3948 602 4006 animadrersionis
626 3949 767 4004 mediocris
797 3969 876 4020 quam
919 3951 1173 4016 reliumVictorem,
1187 3958 1237 4018 613
1253 3953 1420 4019 Frontinum,

367 4049 451 4105 poene
461 4026 762 4082 crudeliscontiuentur.
918 4030 972 4094 tv,
991 4048 1014 4083 1.
1030 4032 1079 4083 An.
1094 4032 1128 4085 U.
1146 4036 1214 4086 612.

409 4107 871 4182 3.Twmatque.Tnmedicta,quasi
959 4113 985 4161 6.
1001 4109 1160 4164 Contrebiam.
1182 4111 1326 4166 Contrebia
1347 4110 1423 4183 oppi-
