3184 5132
345 406 414 476 *tto
567 401 791 472 VALERII
827 401 1034 470 MAXIMI
1069 401 1165 470 LIB.
1201 397 1228 470 I.

363 535 614 618 animadvertit,
636 535 776 629 arreptis
802 531 897 604 scalis
918 558 979 629 per
1000 533 1142 604 mediam
1162 535 1308 604 hostium
1332 536 1441 606 aciem

364 645 406 714 ad
418 644 583 714 contraria
595 655 704 710 castra
718 642 821 710 evasit
833 665 839 708 :
853 655 887 709 et
900 640 1059 728 admone,
1073 639 1197 710 vallum
1209 640 1218 665 ¹
1232 643 1439 712 conscendit.

362 751 445 820 Inde
462 773 545 818 voce
560 748 685 843 ingenti
700 745 889 832 clamitans,
910 747 1035 817 factum
1057 749 1206 819 victoriae
1227 749 1388 844 gradum,
1405 765 1440 818 et

364 871 494 928 nostros
507 855 551 924 ad
566 853 673 922 aliena
685 868 794 924 castra
809 853 982 948 capienda,
1002 868 1035 922 et
1053 857 1208 924 Lucanos
1223 857 1437 950 Bruttiosque

364 965 406 1034 ad
422 987 481 1032 sua
494 959 716 1046 defendenda,
736 959 814 1030 illuc
828 963 928 1030 traxit
935 957 958 1048 ²,
977 960 1033 1030 ubi
1051 963 1195 1030 conserti
1213 961 1316 1031 dubio
1331 976 1437 1031 certa·

362 1073 453 1142 mine
470 1067 671 1137 terebantur.
687 1067 752 1136 Sed
766 1067 853 1136 idern
870 1067 1015 1162 impulsu
1031 1092 1201 1138 armorum
1216 1093 1352 1138 suorum
1365 1094 1438 1164 pro·

362 1189 484 1246 stratos
505 1173 616 1244 hostes
629 1172 830 1268 jugulandos
848 1173 1090 1268 capiendosque
1106 1177 1265 1244 Romanis
1287 1175 1434 1244 tradidit.

364 1284 490 1379 Viginti
507 1282 595 1350 enim
614 1279 717 1348 millia
734 1305 838 1370 caesa,
856 1282 1001 1375 quinque
1019 1279 1120 1350 millia
1144 1303 1221 1351 cum
1241 1283 1345 1352 Statio
1367 1285 1437 1350 Sta·

363 1389 448 1475 tilio,
469 1387 554 1457 duee
575 1389 746 1482 utriusque
767 1388 892 1482 gentis,
913 1401 947 1455 et
964 1387 1069 1456 tribus
1089 1402 1188 1482 atque
1207 1389 1324 1482 viginti
1345 1387 1435 1456 mili-

363 1496 489 1567 taribus
507 1495 608 1588 signis
628 1508 726 1588 capta
747 1508 833 1562 sunt.
853 1497 991 1562 Postero
1008 1493 1061 1563 die
1083 1519 1187 1588 quurn
1213 1493 1329 1563 consul
1350 1496 1437 1564 inter

362 1600 594 1688 honorandos,
610 1624 753 1695 quorum
767 1613 901 1670 strenua
913 1625 1017 1696 opera
1031 1599 1140 1669 fuerat
1159 1625 1258 1688 usus,
1276 1599 1434 1672 uallarem

365 1692 540 1781 coronam³
567 1709 596 1775 ei
621 1733 656 1776 se
679 1729 811 1776 servare
833 1706 986 1794 dixisset,
1004 1731 1024 1775 a
1043 1731 1110 1801 quo
1133 1721 1240 1776 castra
1261 1722 1356 1777 erant
1375 1734 1437 1804 op·

364 1838 493 1914 pressa,
512 1838 574 1882 nec
588 1815 809 1900 inveniretur,
828 1814 885 1908 qui
904 1813 936 1882 id
953 1816 1127 1909 praemium
1146 1828 1273 1909 peteret
1293 1839 1300 1882 :
1322 1817 1434 1911 cogni·

364 1938 436 1993 tum
454 1923 579 2018 pariter
596 1936 695 2016 atque
710 1919 874 1989 creditum
892 1933 959 2008 est,
973 1923 1117 1990 Martem
1132 1935 1260 2014 patrem
1278 1935 1358 1990 tunc
1376 1947 1437 2016 po·

365 2029 445 2125 pulo
468 2053 529 2098 suo
553 2027 708 2097 adfuisse.
734 2029 827 2096 Inter
852 2041 970 2096 oaetera
991 2027 1130 2121 hujusce
1157 2029 1203 2096 rei
1233 2015 1437 2128 manifesta⁴

365 2137 503 2223 indicia,
515 2133 608 2228 galea
622 2157 754 2228 quoque
766 2133 895 2202 duabus
908 2133 1062 2204 distincta
1076 2134 1201 2229 pinnis,
1219 2157 1282 2228 qu·
1310 2133 1437 2204 ..aeleste

409 2355 432 2390 ι.
451 2335 558 2387 Vatum.
580 2335 644 2386 Erat
658 2345 777 2404 aggestus
791 2354 808 2387 e
821 2352 876 2386 cea·
921 2353 976 2406 pra
1001 2353 1029 2388 se
1050 2335 1132 2403 tulit,
1151 2336 1247 2408 aptatis
1266 2335 1386 2410 apicibus
1406 2338 1436 2388 in

367 2419 422 2489 pite
435 2427 460 2467 et
472 2427 557 2480 terra,
568 2414 730 2484 interpositis
743 2413 877 2486 stipitibus
922 2415 1034 2467 formans
1046 2413 1160 2470 audium.
1172 2417 1303 2470 Caeterum
1312 2415 1346 2470 de
1355 2415 1436 2469 variis

366 2495 499 2566 ramisque
514 2495 654 2557 arborum,
671 2512 705 2546 ne
719 2507 788 2546 terra
802 2493 878 2548 lacile
922 2495 1028 2548 coronis
1050 2495 1229 2561 militaribus,
1256 2496 1436 2568 triumphali,

367 2575 549 2639 delaberetur,
573 2585 600 2626 et
619 2572 702 2625 acutis
718 2571 829 2627 sudibus
843 2571 877 2626 ad
921 2575 1019 2639 civica,
1030 2573 1435 2644 obsidionali‚mnrali,navali‚

367 2657 471 2710 labrum
480 2653 591 2706 interius
599 2653 688 2718 fossa,
698 2653 795 2724 quibus
803 2654 878 2724 quasi
921 2655 1032 2726 quisque
1045 2668 1172 2726 tyronum
1185 2655 1325 2710 commode
1338 2675 1435 2710 consu·

367 2753 459 2789 murus
477 2733 877 2792 factusest.1nreniturinter·
921 2735 975 2787 lere
994 2737 1093 2806 poterit
1117 2735 1181 2800 laos,
1199 2738 1245 2808 qui
1266 2737 1436 2808 antiquitates

366 2815 432 2869 dum
447 2832 542 2886 genere
555 2813 716 2866 masculino:
728 2813 877 2886 «triplicem
920 2833 1044 2867 romanas
1054 2815 1188 2886 sigillatim
1201 2817 1392 2890 explicuerunt.

366 2895 465 2948 vallum
474 2921 485 2942 ι
500 2893 601 2946 Hirtius
616 2892 677 2946 bell.
690 2891 819 2948 Alexand.
832 2895 875 2959 113
959 2899 987 2962 ι4.
1002 2894 1142 2964 Manifesta.
1154 2895 1230 2968 Pigls.
1242 2897 1304 2968 legit
1320 2899 1434 2963 manfies-

369 2989 396 3030 et
407 2975 478 3028 alibi.
921 2987 969 3036 τως
980 2993 1060 3045 quam
1069 2976 1180 3040 insulse,
1194 2995 1273 3028 nemo
1284 2995 1340 3029 non
1349 2976 1432 3029 uidet.

411 3075 437 3108 a.
449 3055 511 3107 Illuc
525 3057 608 3108 amir.
620 3053 682 3107 Seil.
695 3055 828 3107 Romanos
843 3051 878 3106 ad
920 3085 960 3096 -
978 3053 1066 3108 Galea.
1083 3059 1107 3107 A
1121 3054 1220 3109 casside
1233 3054 1338 3121 differt,
1352 3075 1431 3128 quarn

368 3148 451 3190 castra
467 3134 632 3186 bruttiorum
645 3145 671 3185 et
686 3135 856 3186 Lucanorum
868 3153 877 3199 ς
920 3153 935 3186 e
948 3135 1055 3186 metallo
1068 3135 1241 3189 fabricabant.
1254 3136 1336 3190 Galea
1347 3149 1403 3189 erat
1415 3155 1431 3188 e

368 3217 507 3286 ubiquum
514 3231 623 3264 manum
634 3213 878 3284 consererent‚pri·
920 3214 999 3268 corio.
1013 3215 1148 3268 molestus
1168 3216 1270 3287 pileus,
1291 3235 1325 3269 ne
1345 3216 1430 3288 gravis

369 3314 444 3349 mom
459 3311 553 3364 magna
565 3291 700 3361 utrimque
714 3292 794 3345 flebat
811 3304 877 3345 stra·
920 3305 995 3346 esset.
1003 3294 1091 3346 Galeas
1101 3296 1216 3366 simplici
1229 3313 1297 3368 serpe
1307 3296 1364 3368 lupi
1378 3297 1431 3367 pel·

369 3395 430 3446 ges,
445 3387 474 3426 ut
487 3371 600 3426 dubium
615 3383 697 3434 esset,
717 3384 776 3424 uter
793 3372 877 3424 victo·
921 3373 972 3424 lem
993 3386 1037 3426 aut
1052 3373 1124 3426 aliud
1144 3373 1296 3448 hujusmodi
1312 3376 1431 3447 impone·

368 3456 435 3508 riam
459 3465 527 3507 esset
546 3461 737 3522 reportaturus.
757 3449 878 3504 Tandem
920 3453 1000 3518 bant,
1014 3453 1086 3524 quod
1102 3455 1311 3526 integumentum
1331 3455 1430 3527 pariter

370 3532 552 3586 idemeximiaa
561 3527 750 3602 magnitudinis
758 3531 877 3600 juvenis,
920 3545 946 3584 et
960 3532 1062 3604 insigne
1079 3547 1186 3587 strenue
1206 3553 1261 3587 sese
1281 3537 1429 3606 gerentium

369 3626 419 3666 etc.
433 3643 474 3654 —
494 3612 604 3665 Camerti
618 3649 664 3664 .....
680 3609 823 3662 terebantur.
844 3612 877 3664 ln
920 3611 1291 3684 tuit.Vid.vegetium,11‚
1311 3619 1363 3676 16,
1383 3614 1429 3686 qui

370 3692 461 3744 multis
473 3689 551 3744 oodd.
563 3688 636 3744 MSS.
647 3693 748 3758 conserti
805 3703 877 3742 terre-
920 3692 1050 3763 signiferis
1058 3693 1119 3747 solis
1130 3694 1182 3748 hoc
1195 3695 1297 3748 tribuit.
1310 3695 1362 3748 atti
1374 3695 1430 3748 aliis

371 3773 464 3824 busur.
481 3768 533 3822 sed
548 3771 615 3822 nihil
631 3767 797 3824 mutandum.
920 3773 999 3824 rebus
1008 3773 1035 3824 in
1044 3773 1115 3844 galea
1126 3775 1180 3839 usi,
1193 3775 1235 3827 vel
1246 3771 1280 3826 ad
1290 3775 1430 3827 horrorem

410 3852 434 3904 3,
459 3849 581 3900 Vallatum
600 3870 719 3904 somnam.
739 3851 839 3902 Vattan·
854 3870 875 3906 s.
920 3851 1039 3905 hostibus
1050 3852 1299 3918 incutiendum,vel
1310 3853 1344 3907 ad
1354 3873 1431 3908 orna·

369 3934 483 3986 castremi
505 3947 592 3980 camna
613 3928 726 3984 donatus
744 3931 808 3991 ille,
831 3931 877 4002 qui
920 3943 986 3984 tum.
1009 3931 1143 3986 adhibita
1165 3933 1244 3986 etiam
1267 3934 1355 4006 pinnae
1375 3935 1429 3986 sivs

369 4013 470 4082 primus
480 4008 579 4060 vallum
589 4009 777 4063 conscenderat
788 4023 813 4063 et
824 4029 878 4064 cas·
919 4013 1012 4064 cristae.
1031 4013 1124 4065 Turno
1146 4015 1276 4084 Virgilius
1297 4014 1429 4086 triplicem

370 4087 876 4159 trahentiumintraveratvallispecienr
919 4091 1041 4144 crinitam
1058 4093 1149 4162 jubam
1171 4106 1198 4146 et
1217 4094 1374 4148 Chimaeram
1401 4093 1432 4146 iu
