<?xml version="1.0" encoding="UTF-8"?>
<!DOCTYPE html PUBLIC "-//W3C//DTD XHTML 1.0 Transitional//EN"
    "http://www.w3.org/TR/xhtml1/DTD/xhtml1-transitional.dtd">
<html xmlns="http://www.w3.org/1999/xhtml" xml:lang="en" lang="en">
 <head>
  <title>
</title>
<meta http-equiv="Content-Type" content="text/html;charset=utf-8" />
  <meta name='ocr-system' content='tesseract 3.04.00' />
  <meta name='ocr-capabilities' content='ocr_page ocr_carea ocr_par ocr_line ocrx_word'/>
</head>
<body>
  <div class='ocr_page' id='page_1' title='image "./valeriusmaximus01lykogoog_0194.png"; bbox 0 0 3184 5132; ppageno 0'>
   <div class='ocr_carea' id='block_1_1' title="bbox 203 454 1210 694">
    <p class='ocr_par' dir='ltr' id='par_1_1' title="bbox 203 454 1210 694">
     <span class='ocr_line' id='line_1_1' title="bbox 357 454 1207 566; baseline 0.014 -38"><span class='ocrx_word' id='word_1_1' title='bbox 357 454 466 528; x_wconf 87' lang='lat' dir='ltr'><strong>CAP.</strong></span> <span class='ocrx_word' id='word_1_2' title='bbox 501 461 550 546; x_wconf 85' lang='lat' dir='ltr'>X,</span> <span class='ocrx_word' id='word_1_3' title='bbox 583 461 652 528; x_wconf 85' lang='lat' dir='ltr'>DE</span> <span class='ocrx_word' id='word_1_4' title='bbox 684 461 995 534; x_wconf 81' lang='lat' dir='ltr'><strong>MAJESTATE.</strong></span> <span class='ocrx_word' id='word_1_5' title='bbox 1138 467 1207 566; x_wconf 81' lang='lat'>167</span> 
     </span>
     <span class='ocr_line' id='line_1_2' title="bbox 203 588 1210 694; baseline 0.011 -34"><span class='ocrx_word' id='word_1_6' title='bbox 203 595 288 660; x_wconf 80' lang='lat' dir='ltr'>Item</span> <span class='ocrx_word' id='word_1_7' title='bbox 306 591 354 658; x_wconf 82' lang='grc' dir='ltr'>Μ.</span> <span class='ocrx_word' id='word_1_8' title='bbox 373 588 524 660; x_wconf 84' lang='lat' dir='ltr'>Valerius</span> <span class='ocrx_word' id='word_1_9' title='bbox 545 590 697 662; x_wconf 74' lang='lat' dir='ltr'>Massalia</span> <span class='ocrx_word' id='word_1_10' title='bbox 717 597 867 664; x_wconf 86' lang='lat' dir='ltr'>censoria</span> <span class='ocrx_word' id='word_1_11' title='bbox 883 609 962 666; x_wconf 85' lang='lat' dir='ltr'>nota</span> <span class='ocrx_word' id='word_1_12' title='bbox 984 600 1179 694; x_wconf 80' lang='lat' dir='ltr'>perstrictus</span> <span class='ocrx_word' id='word_1_13' title='bbox 1189 601 1210 690; x_wconf 89' lang='lat'>¹,</span> 
     </span>
    </p>
   </div>
   <div class='ocr_carea' id='block_1_2' title="bbox 146 697 1209 1111">
    <p class='ocr_par' dir='ltr' id='par_1_2' title="bbox 146 697 1209 1111">
     <span class='ocr_line' id='line_1_3' title="bbox 150 697 1209 802; baseline 0.011 -37"><span class='ocrx_word' id='word_1_14' title='bbox 150 697 299 768; x_wconf 80' lang='lat' dir='ltr'>censoria</span> <span class='ocrx_word' id='word_1_15' title='bbox 323 697 535 792; x_wconf 80' lang='lat' dir='ltr'>postmodum</span> <span class='ocrx_word' id='word_1_16' title='bbox 551 712 712 792; x_wconf 77' lang='lat' dir='ltr'><strong>potestate</strong></span> <span class='ocrx_word' id='word_1_17' title='bbox 732 702 915 796; x_wconf 82' lang='lat' dir='ltr'>imperavit.</span> <span class='ocrx_word' id='word_1_18' title='bbox 938 705 1090 794; x_wconf 89' lang='lat' dir='ltr'>Quorum</span> <span class='ocrx_word' id='word_1_19' title='bbox 1111 709 1209 802; x_wconf 81' lang='lat' dir='ltr'>igno-</span> 
     </span>
     <span class='ocr_line' id='line_1_4' title="bbox 147 805 1208 901; baseline 0.011 -29"><span class='ocrx_word' id='word_1_20' title='bbox 147 805 251 872; x_wconf 85' lang='lat' dir='ltr'>minia</span> <span class='ocrx_word' id='word_1_21' title='bbox 273 805 430 873; x_wconf 81' lang='lat' dir='ltr'>virtutem</span> <span class='ocrx_word' id='word_1_22' title='bbox 452 806 549 874; x_wconf 84' lang='lat' dir='ltr'>acuit:</span> <span class='ocrx_word' id='word_1_23' title='bbox 564 805 686 874; x_wconf 81' lang='lat' dir='ltr'>rubore</span> <span class='ocrx_word' id='word_1_24' title='bbox 704 808 790 876; x_wconf 77' lang='lat' dir='ltr'>enirn</span> <span class='ocrx_word' id='word_1_25' title='bbox 806 807 876 901; x_wconf 81' lang='lat' dir='ltr'>ejus</span> <span class='ocrx_word' id='word_1_26' title='bbox 893 812 1042 898; x_wconf 81' lang='lat' dir='ltr'>excitati,</span> <span class='ocrx_word' id='word_1_27' title='bbox 1055 813 1208 884; x_wconf 84' lang='lat' dir='ltr'>omnibus</span> 
     </span>
     <span class='ocr_line' id='line_1_5' title="bbox 146 909 1208 1012; baseline 0.012 -36"><span class='ocrx_word' id='word_1_28' title='bbox 146 909 273 979; x_wconf 86' lang='lat' dir='ltr'>viribus</span> <span class='ocrx_word' id='word_1_29' title='bbox 295 910 533 996; x_wconf 83' lang='lat' dir='ltr'>incubuerunt,</span> <span class='ocrx_word' id='word_1_30' title='bbox 550 925 589 979; x_wconf 91' lang='lat' dir='ltr'>ut</span> <span class='ocrx_word' id='word_1_31' title='bbox 606 910 696 1006; x_wconf 82' lang='lat' dir='ltr'>digni</span> <span class='ocrx_word' id='word_1_32' title='bbox 711 914 840 983; x_wconf 83' lang='lat' dir='ltr'>civibus</span> <span class='ocrx_word' id='word_1_33' title='bbox 861 915 1072 1006; x_wconf 83' lang='lat' dir='ltr'>viderentur,</span> <span class='ocrx_word' id='word_1_34' title='bbox 1089 920 1208 1012; x_wconf 88' lang='lat' dir='ltr'>quibus</span> 
     </span>
     <span class='ocr_line' id='line_1_6' title="bbox 147 1015 912 1111; baseline 0.009 -27"><span class='ocrx_word' id='word_1_35' title='bbox 147 1015 218 1084; x_wconf 88' lang='lat' dir='ltr'>dari</span> <span class='ocrx_word' id='word_1_36' title='bbox 237 1017 363 1110; x_wconf 85' lang='lat' dir='ltr'>potius,</span> <span class='ocrx_word' id='word_1_37' title='bbox 378 1041 478 1111; x_wconf 89' lang='lat' dir='ltr'>quam</span> <span class='ocrx_word' id='word_1_38' title='bbox 497 1017 594 1110; x_wconf 89' lang='lat' dir='ltr'>objici</span> <span class='ocrx_word' id='word_1_39' title='bbox 610 1041 748 1088; x_wconf 83' lang='lat' dir='ltr'><strong>censura</strong></span> <span class='ocrx_word' id='word_1_40' title='bbox 768 1019 912 1092; x_wconf 76' lang='lat' dir='ltr'><strong>deberet.</strong></span> 
     </span>
    </p>
   </div>
   <div class='ocr_carea' id='block_1_3' title="bbox 504 1233 846 1325">
    <p class='ocr_par' dir='ltr' id='par_1_3' title="bbox 504 1233 846 1325">
     <span class='ocr_line' id='line_1_7' title="bbox 504 1233 846 1325; baseline 0.006 -2"><span class='ocrx_word' id='word_1_41' title='bbox 504 1233 746 1324; x_wconf 88' lang='lat' dir='ltr'><strong>CAPUT</strong></span> <span class='ocrx_word' id='word_1_42' title='bbox 786 1239 846 1325; x_wconf 87' lang='lat' dir='ltr'>X.</span> 
     </span>
    </p>
   </div>
   <div class='ocr_carea' id='block_1_4' title="bbox 445 1419 908 1508">
    <p class='ocr_par' dir='ltr' id='par_1_4' title="bbox 445 1419 908 1508">
     <span class='ocr_line' id='line_1_8' title="bbox 445 1419 908 1508; baseline 0.006 -26"><span class='ocrx_word' id='word_1_43' title='bbox 445 1419 490 1482; x_wconf 80' lang='lat' dir='ltr'>De</span> <span class='ocrx_word' id='word_1_44' title='bbox 509 1419 672 1508; x_wconf 77' lang='lat' dir='ltr'>majestate</span> <span class='ocrx_word' id='word_1_45' title='bbox 686 1419 908 1484; x_wconf 78' lang='lat' dir='ltr'>Romanorum.</span> 
     </span>
    </p>
   </div>
   <div class='ocr_carea' id='block_1_5' title="bbox 146 1583 1206 1962">
    <p class='ocr_par' dir='ltr' id='par_1_5' title="bbox 146 1583 1206 1962">
     <span class='ocr_line' id='line_1_9' title="bbox 146 1583 1205 1649; baseline 0.004 -18"><span class='ocrx_word' id='word_1_46' title='bbox 146 1601 166 1631; x_wconf 87' lang='lat' dir='ltr'>r.</span> <span class='ocrx_word' id='word_1_47' title='bbox 184 1585 214 1642; x_wconf 88' lang='lat' dir='ltr'>Q.</span> <span class='ocrx_word' id='word_1_48' title='bbox 224 1583 315 1630; x_wconf 80' lang='lat' dir='ltr'>blotelli</span> <span class='ocrx_word' id='word_1_49' title='bbox 328 1583 446 1630; x_wconf 73' lang='lat' dir='ltr'>Numidici</span> <span class='ocrx_word' id='word_1_50' title='bbox 462 1584 524 1646; x_wconf 78' lang='lat' dir='ltr'>apud</span> <span class='ocrx_word' id='word_1_51' title='bbox 538 1585 637 1644; x_wconf 77' lang='lat' dir='ltr'>judicos.</span> <span class='ocrx_word' id='word_1_52' title='bbox 646 1609 678 1621; x_wconf 87' lang='lat'>—-</span> <span class='ocrx_word' id='word_1_53' title='bbox 689 1599 710 1630; x_wconf 80' lang='lat' dir='ltr'>a.</span> <span class='ocrx_word' id='word_1_54' title='bbox 727 1587 752 1630; x_wconf 76' lang='grc' dir='ltr'>Ρ.</span> <span class='ocrx_word' id='word_1_55' title='bbox 767 1585 869 1632; x_wconf 78' lang='lat' dir='ltr'>liriosni</span> <span class='ocrx_word' id='word_1_56' title='bbox 886 1587 979 1647; x_wconf 77' lang='lat' dir='ltr'>maioris</span> <span class='ocrx_word' id='word_1_57' title='bbox 990 1587 1053 1649; x_wconf 79' lang='lat' dir='ltr'>spnd</span> <span class='ocrx_word' id='word_1_58' title='bbox 1065 1587 1205 1634; x_wconf 71' lang='lat' dir='ltr'>Antiochum</span> 
     </span>
     <span class='ocr_line' id='line_1_10' title="bbox 176 1663 1205 1725; baseline 0.004 -15"><span class='ocrx_word' id='word_1_59' title='bbox 176 1677 255 1724; x_wconf 72' lang='lat' dir='ltr'>regens</span> <span class='ocrx_word' id='word_1_60' title='bbox 271 1671 296 1708; x_wconf 89' lang='lat' dir='ltr'>st</span> <span class='ocrx_word' id='word_1_61' title='bbox 309 1672 407 1708; x_wconf 72' lang='lat' dir='ltr'>exteros.</span> <span class='ocrx_word' id='word_1_62' title='bbox 422 1687 454 1698; x_wconf 80' lang='lat'>-</span> <span class='ocrx_word' id='word_1_63' title='bbox 469 1663 491 1710; x_wconf 84' lang='lat'>3.</span> <span class='ocrx_word' id='word_1_64' title='bbox 504 1665 532 1710; x_wconf 83' lang='lat' dir='ltr'>L.</span> <span class='ocrx_word' id='word_1_65' title='bbox 547 1663 641 1710; x_wconf 76' lang='lat' dir='ltr'>tunitii</span> <span class='ocrx_word' id='word_1_66' title='bbox 652 1663 726 1710; x_wconf 80' lang='lat' dir='ltr'>Paulli</span> <span class='ocrx_word' id='word_1_67' title='bbox 739 1664 802 1725; x_wconf 80' lang='lat' dir='ltr'>apud</span> <span class='ocrx_word' id='word_1_68' title='bbox 816 1665 963 1712; x_wconf 79' lang='lat' dir='ltr'>Msoodonas.</span> <span class='ocrx_word' id='word_1_69' title='bbox 974 1691 1005 1700; x_wconf 93' lang='lat'>-—</span> <span class='ocrx_word' id='word_1_70' title='bbox 1022 1673 1044 1720; x_wconf 78' lang='lat' dir='ltr'>t.</span> <span class='ocrx_word' id='word_1_71' title='bbox 1058 1670 1084 1713; x_wconf 82' lang='lat' dir='ltr'>P.</span> <span class='ocrx_word' id='word_1_72' title='bbox 1104 1666 1205 1714; x_wconf 64' lang='lat' dir='ltr'>striari</span> 
     </span>
     <span class='ocr_line' id='line_1_11' title="bbox 177 1741 1206 1806; baseline 0.005 -19"><span class='ocrx_word' id='word_1_73' title='bbox 177 1741 274 1788; x_wconf 78' lang='lat' dir='ltr'>minoris</span> <span class='ocrx_word' id='word_1_74' title='bbox 286 1741 347 1802; x_wconf 81' lang='lat' dir='ltr'>apud</span> <span class='ocrx_word' id='word_1_75' title='bbox 358 1743 502 1788; x_wconf 69' lang='lat' dir='ltr'>Masinissam</span> <span class='ocrx_word' id='word_1_76' title='bbox 514 1752 538 1788; x_wconf 82' lang='lat' dir='ltr'>et</span> <span class='ocrx_word' id='word_1_77' title='bbox 548 1744 637 1789; x_wconf 67' lang='lat' dir='ltr'>Panos.</span> <span class='ocrx_word' id='word_1_78' title='bbox 649 1769 680 1778; x_wconf 88' lang='lat'>·-</span> <span class='ocrx_word' id='word_1_79' title='bbox 691 1741 713 1790; x_wconf 81' lang='lat'>5.</span> <span class='ocrx_word' id='word_1_80' title='bbox 726 1746 751 1789; x_wconf 82' lang='lat' dir='ltr'>P.</span> <span class='ocrx_word' id='word_1_81' title='bbox 763 1743 844 1789; x_wconf 75' lang='lat' dir='ltr'>Rutilii</span> <span class='ocrx_word' id='word_1_82' title='bbox 854 1745 939 1790; x_wconf 78' lang='lat' dir='ltr'>onsrrlis</span> <span class='ocrx_word' id='word_1_83' title='bbox 951 1743 1014 1806; x_wconf 78' lang='lat' dir='ltr'>apud</span> <span class='ocrx_word' id='word_1_84' title='bbox 1026 1746 1086 1792; x_wconf 67' lang='lat' dir='ltr'>Asin</span> <span class='ocrx_word' id='word_1_85' title='bbox 1096 1747 1206 1792; x_wconf 79' lang='lat' dir='ltr'>civitates.</span> 
     </span>
     <span class='ocr_line' id='line_1_12' title="bbox 174 1819 1204 1886; baseline 0.004 -20"><span class='ocrx_word' id='word_1_86' title='bbox 174 1847 206 1856; x_wconf 91' lang='lat'>-</span> <span class='ocrx_word' id='word_1_87' title='bbox 216 1819 239 1866; x_wconf 86' lang='grc'>6.</span> <span class='ocrx_word' id='word_1_88' title='bbox 255 1822 282 1868; x_wconf 85' lang='lat' dir='ltr'>C.</span> <span class='ocrx_word' id='word_1_89' title='bbox 296 1821 364 1866; x_wconf 69' lang='lat' dir='ltr'>taint</span> <span class='ocrx_word' id='word_1_90' title='bbox 377 1821 501 1882; x_wconf 77' lang='lat' dir='ltr'>proscripti</span> <span class='ocrx_word' id='word_1_91' title='bbox 514 1821 576 1882; x_wconf 81' lang='lat' dir='ltr'>apud</span> <span class='ocrx_word' id='word_1_92' title='bbox 587 1821 765 1868; x_wconf 68' lang='lat' dir='ltr'>Minturnenses.</span> <span class='ocrx_word' id='word_1_93' title='bbox 779 1847 811 1858; x_wconf 93' lang='lat'><em>-</em></span> <span class='ocrx_word' id='word_1_94' title='bbox 821 1837 843 1882; x_wconf 74' lang='lat'>7·</span> <span class='ocrx_word' id='word_1_95' title='bbox 854 1823 890 1869; x_wconf 79' lang='lat' dir='ltr'>bl.</span> <span class='ocrx_word' id='word_1_96' title='bbox 902 1823 997 1870; x_wconf 81' lang='lat' dir='ltr'>Catonis</span> <span class='ocrx_word' id='word_1_97' title='bbox 1012 1823 1128 1870; x_wconf 72' lang='lat' dir='ltr'>Uticensis</span> <span class='ocrx_word' id='word_1_98' title='bbox 1144 1823 1204 1886; x_wconf 82' lang='lat' dir='ltr'>apud</span> 
     </span>
     <span class='ocr_line' id='line_1_13' title="bbox 175 1897 814 1962; baseline 0 -16"><span class='ocrx_word' id='word_1_99' title='bbox 175 1907 287 1946; x_wconf 62' lang='lat' dir='ltr'>mnam.</span> <span class='ocrx_word' id='word_1_100' title='bbox 298 1925 330 1936; x_wconf 83' lang='lat'>-</span> <span class='ocrx_word' id='word_1_101' title='bbox 340 1899 361 1945; x_wconf 82' lang='lat'>8.</span> <span class='ocrx_word' id='word_1_102' title='bbox 371 1897 481 1960; x_wconf 74' lang='lat' dir='ltr'>Ejusdem</span> <span class='ocrx_word' id='word_1_103' title='bbox 491 1899 555 1962; x_wconf 73' lang='lat' dir='ltr'>apud</span> <span class='ocrx_word' id='word_1_104' title='bbox 562 1901 676 1962; x_wconf 78' lang='lat' dir='ltr'>populum</span> <span class='ocrx_word' id='word_1_105' title='bbox 686 1915 814 1948; x_wconf 75' lang='lat' dir='ltr'>romanum.</span> 
     </span>
    </p>
   </div>
   <div class='ocr_carea' id='block_1_6' title="bbox 439 2069 908 2158">
    <p class='ocr_par' dir='ltr' id='par_1_6' title="bbox 439 2069 908 2158">
     <span class='ocr_line' id='line_1_14' title="bbox 439 2069 908 2158; baseline 0.004 -26"><span class='ocrx_word' id='word_1_106' title='bbox 439 2069 488 2132; x_wconf 78' lang='lat' dir='ltr'>De</span> <span class='ocrx_word' id='word_1_107' title='bbox 505 2069 669 2158; x_wconf 81' lang='lat' dir='ltr'>majestate</span> <span class='ocrx_word' id='word_1_108' title='bbox 684 2069 908 2134; x_wconf 72' lang='lat' dir='ltr'>Exurmrum.</span> 
     </span>
    </p>
   </div>
   <div class='ocr_carea' id='block_1_7' title="bbox 143 2223 1203 2350">
    <p class='ocr_par' dir='ltr' id='par_1_7' title="bbox 143 2223 1203 2350">
     <span class='ocr_line' id='line_1_15' title="bbox 143 2223 1203 2288; baseline 0.004 -18"><span class='ocrx_word' id='word_1_109' title='bbox 143 2241 167 2270; x_wconf 84' lang='lat' dir='ltr'>r.</span> <span class='ocrx_word' id='word_1_110' title='bbox 186 2223 306 2270; x_wconf 75' lang='lat' dir='ltr'>Harmodii</span> <span class='ocrx_word' id='word_1_111' title='bbox 321 2233 345 2270; x_wconf 82' lang='lat' dir='ltr'>ot</span> <span class='ocrx_word' id='word_1_112' title='bbox 361 2223 524 2286; x_wconf 70' lang='lat' dir='ltr'>Aristogitonis</span> <span class='ocrx_word' id='word_1_113' title='bbox 541 2224 603 2286; x_wconf 80' lang='lat' dir='ltr'>apud</span> <span class='ocrx_word' id='word_1_114' title='bbox 612 2227 713 2271; x_wconf 75' lang='lat' dir='ltr'>Xerxem</span> <span class='ocrx_word' id='word_1_115' title='bbox 723 2239 810 2288; x_wconf 73' lang='lat' dir='ltr'>rogan.</span> <span class='ocrx_word' id='word_1_116' title='bbox 824 2249 855 2262; x_wconf 87' lang='lat'>-</span> <span class='ocrx_word' id='word_1_117' title='bbox 873 2239 895 2272; x_wconf 81' lang='lat' dir='ltr'>a.</span> <span class='ocrx_word' id='word_1_118' title='bbox 913 2227 1047 2273; x_wconf 73' lang='lat' dir='ltr'>Xmooratis</span> <span class='ocrx_word' id='word_1_119' title='bbox 1057 2227 1120 2288; x_wconf 81' lang='lat' dir='ltr'>apud</span> <span class='ocrx_word' id='word_1_120' title='bbox 1132 2229 1203 2274; x_wconf 78' lang='lat' dir='ltr'>ltbo-</span> 
     </span>
     <span class='ocr_line' id='line_1_16' title="bbox 173 2317 750 2350; baseline 0 -2"><span class='ocrx_word' id='word_1_121' title='bbox 173 2317 274 2350; x_wconf 77' lang='lat' dir='ltr'>mansas.</span> <span class='ocrx_word' id='word_1_122' title='bbox 748 2327 750 2335; x_wconf 56' lang='grc' dir='ltr'><strong><em>ι</em></strong></span> 
     </span>
    </p>
   </div>
   <div class='ocr_carea' id='block_1_8' title="bbox 369 2427 979 2484">
    <p class='ocr_par' dir='ltr' id='par_1_8' title="bbox 369 2427 979 2484">
     <span class='ocr_line' id='line_1_17' title="bbox 369 2427 979 2484; baseline 0 -2"><span class='ocrx_word' id='word_1_123' title='bbox 369 2428 421 2482; x_wconf 84' lang='lat' dir='ltr'>DE</span> <span class='ocrx_word' id='word_1_124' title='bbox 444 2427 678 2482; x_wconf 78' lang='lat' dir='ltr'><strong>MAJESTATE</strong></span> <span class='ocrx_word' id='word_1_125' title='bbox 702 2428 979 2484; x_wconf 80' lang='lat' dir='ltr'>nontuonutt.</span> 
     </span>
    </p>
   </div>
   <div class='ocr_carea' id='block_1_9' title="bbox 139 2578 1203 3180">
    <p class='ocr_par' dir='ltr' id='par_1_9' title="bbox 139 2578 1203 3180">
     <span class='ocr_line' id='line_1_18' title="bbox 195 2578 1201 2673; baseline 0.002 -23"><span class='ocrx_word' id='word_1_126' title='bbox 195 2583 256 2650; x_wconf 87' lang='lat' dir='ltr'>Est</span> <span class='ocrx_word' id='word_1_127' title='bbox 282 2594 317 2648; x_wconf 84' lang='lat' dir='ltr'>ot</span> <span class='ocrx_word' id='word_1_128' title='bbox 345 2578 399 2648; x_wconf 83' lang='lat' dir='ltr'>illa</span> <span class='ocrx_word' id='word_1_129' title='bbox 428 2581 522 2672; x_wconf 87' lang='lat' dir='ltr'>quasi</span> <span class='ocrx_word' id='word_1_130' title='bbox 543 2580 672 2672; x_wconf 87' lang='lat' dir='ltr'>privata</span> <span class='ocrx_word' id='word_1_131' title='bbox 702 2605 840 2650; x_wconf 84' lang='lat' dir='ltr'>censura</span> <span class='ocrx_word' id='word_1_132' title='bbox 862 2579 1015 2673; x_wconf 85' lang='lat' dir='ltr'>majestas</span> <span class='ocrx_word' id='word_1_133' title='bbox 1036 2579 1201 2652; x_wconf 80' lang='lat' dir='ltr'>claromm</span> 
     </span>
     <span class='ocr_line' id='line_1_19' title="bbox 140 2684 1202 2780; baseline 0.001 -26"><span class='ocrx_word' id='word_1_134' title='bbox 140 2688 289 2755; x_wconf 85' lang='lat' dir='ltr'>virorum</span> <span class='ocrx_word' id='word_1_135' title='bbox 310 2686 379 2754; x_wconf 86' lang='lat' dir='ltr'>sine</span> <span class='ocrx_word' id='word_1_136' title='bbox 400 2684 612 2754; x_wconf 84' lang='lat' dir='ltr'>tribunalium</span> <span class='ocrx_word' id='word_1_137' title='bbox 634 2684 779 2778; x_wconf 84' lang='lat' dir='ltr'>fastigio,</span> <span class='ocrx_word' id='word_1_138' title='bbox 803 2687 872 2754; x_wconf 82' lang='lat' dir='ltr'>sino</span> <span class='ocrx_word' id='word_1_139' title='bbox 893 2689 1117 2780; x_wconf 81' lang='lat' dir='ltr'>apparitorum</span> <span class='ocrx_word' id='word_1_140' title='bbox 1137 2691 1202 2756; x_wconf 93' lang='lat' dir='ltr'>mi-</span> 
     </span>
     <span class='ocr_line' id='line_1_20' title="bbox 141 2787 1201 2886; baseline 0.002 -26"><span class='ocrx_word' id='word_1_141' title='bbox 141 2794 292 2880; x_wconf 83' lang='lat' dir='ltr'>nisterio,</span> <span class='ocrx_word' id='word_1_142' title='bbox 305 2805 423 2886; x_wconf 85' lang='lat' dir='ltr'>potens</span> <span class='ocrx_word' id='word_1_143' title='bbox 436 2792 470 2859; x_wconf 93' lang='lat' dir='ltr'>in</span> <span class='ocrx_word' id='word_1_144' title='bbox 484 2815 542 2860; x_wconf 89' lang='lat' dir='ltr'>sua</span> <span class='ocrx_word' id='word_1_145' title='bbox 558 2787 772 2884; x_wconf 89' lang='lat' dir='ltr'>amplitudine</span> <span class='ocrx_word' id='word_1_146' title='bbox 792 2791 973 2860; x_wconf 88' lang='lat' dir='ltr'>obtinenda</span> <span class='ocrx_word' id='word_1_147' title='bbox 985 2817 994 2880; x_wconf 90' lang='lat'>;</span> <span class='ocrx_word' id='word_1_148' title='bbox 1008 2807 1102 2886; x_wconf 83' lang='lat' dir='ltr'>grato</span> <span class='ocrx_word' id='word_1_149' title='bbox 1115 2795 1201 2862; x_wconf 88' lang='lat' dir='ltr'>enim</span> 
     </span>
     <span class='ocr_line' id='line_1_21' title="bbox 140 2895 1203 2992; baseline 0.002 -26"><span class='ocrx_word' id='word_1_150' title='bbox 140 2913 177 2966; x_wconf 88' lang='lat' dir='ltr'>et</span> <span class='ocrx_word' id='word_1_151' title='bbox 187 2897 333 2992; x_wconf 85' lang='lat' dir='ltr'>jucundo</span> <span class='ocrx_word' id='word_1_152' title='bbox 346 2899 484 2966; x_wconf 88' lang='lat' dir='ltr'>introitu</span> <span class='ocrx_word' id='word_1_153' title='bbox 499 2897 615 2966; x_wconf 87' lang='lat' dir='ltr'>animis</span> <span class='ocrx_word' id='word_1_154' title='bbox 632 2896 803 2966; x_wconf 89' lang='lat' dir='ltr'>bominum</span> <span class='ocrx_word' id='word_1_155' title='bbox 818 2895 963 2968; x_wconf 81' lang='lat' dir='ltr'>illabitur</span> <span class='ocrx_word' id='word_1_156' title='bbox 977 2895 1203 2968; x_wconf 86' lang='lat' dir='ltr'>admirationis</span> 
     </span>
     <span class='ocr_line' id='line_1_22' title="bbox 141 3000 1201 3098; baseline 0.001 -26"><span class='ocrx_word' id='word_1_157' title='bbox 141 3001 315 3098; x_wconf 83' lang='lat' dir='ltr'>praetexta²</span> <span class='ocrx_word' id='word_1_158' title='bbox 331 3002 457 3072; x_wconf 87' lang='lat' dir='ltr'>velata:</span> <span class='ocrx_word' id='word_1_159' title='bbox 477 3027 576 3098; x_wconf 86' lang='lat' dir='ltr'>quam</span> <span class='ocrx_word' id='word_1_160' title='bbox 593 3016 682 3071; x_wconf 89' lang='lat' dir='ltr'>recte</span> <span class='ocrx_word' id='word_1_161' title='bbox 704 3005 776 3096; x_wconf 85' lang='lat' dir='ltr'>quis</span> <span class='ocrx_word' id='word_1_162' title='bbox 794 3003 913 3071; x_wconf 82' lang='lat' dir='ltr'>dixerit</span> <span class='ocrx_word' id='word_1_163' title='bbox 927 3000 1062 3096; x_wconf 77' lang='lat' dir='ltr'>longum</span> <span class='ocrx_word' id='word_1_164' title='bbox 1079 3017 1113 3071; x_wconf 78' lang='lat' dir='ltr'>et</span> <span class='ocrx_word' id='word_1_165' title='bbox 1125 3003 1201 3073; x_wconf 84' lang='lat' dir='ltr'>bea·</span> 
     </span>
     <span class='ocr_line' id='line_1_23' title="bbox 139 3107 718 3180; baseline -0.01 0"><span class='ocrx_word' id='word_1_166' title='bbox 139 3125 212 3180; x_wconf 87' lang='lat' dir='ltr'>tum</span> <span class='ocrx_word' id='word_1_167' title='bbox 228 3109 388 3180; x_wconf 84' lang='lat' dir='ltr'>bonorem</span> <span class='ocrx_word' id='word_1_168' title='bbox 408 3134 477 3178; x_wconf 86' lang='lat' dir='ltr'>esse</span> <span class='ocrx_word' id='word_1_169' title='bbox 495 3109 564 3178; x_wconf 85' lang='lat' dir='ltr'>sine</span> <span class='ocrx_word' id='word_1_170' title='bbox 581 3107 718 3178; x_wconf 87' lang='lat' dir='ltr'>honore.</span> 
     </span>
    </p>
   </div>
   <div class='ocr_carea' id='block_1_10' title="bbox 138 3305 1204 4179">
    <p class='ocr_par' dir='ltr' id='par_1_10' title="bbox 138 3305 1204 4179">
     <span class='ocr_line' id='line_1_24' title="bbox 187 3305 1201 3382; baseline 0 -18"><span class='ocrx_word' id='word_1_171' title='bbox 187 3312 377 3372; x_wconf 61' lang='lat' dir='ltr'>namnum,</span> <span class='ocrx_word' id='word_1_172' title='bbox 394 3309 485 3374; x_wconf 82' lang='lat' dir='ltr'>idest,</span> <span class='ocrx_word' id='word_1_173' title='bbox 500 3311 650 3382; x_wconf 76' lang='lat' dir='ltr'>peroniano,</span> <span class='ocrx_word' id='word_1_174' title='bbox 693 3309 792 3364; x_wconf 74' lang='lat' dir='ltr'>uastius</span> <span class='ocrx_word' id='word_1_175' title='bbox 813 3327 867 3364; x_wconf 76' lang='lat' dir='ltr'>sose</span> <span class='ocrx_word' id='word_1_176' title='bbox 890 3307 1041 3379; x_wconf 74' lang='lat' dir='ltr'>gerentibus</span> <span class='ocrx_word' id='word_1_177' title='bbox 1064 3305 1201 3375; x_wconf 72' lang='lat' dir='ltr'>redditus,</span> 
     </span>
     <span class='ocr_line' id='line_1_25' title="bbox 138 3385 1202 3459; baseline -0.002 -13"><span class='ocrx_word' id='word_1_178' title='bbox 138 3390 576 3459; x_wconf 66' lang='lat' dir='ltr'>lm.-1tm.........ta7mm</span> <span class='ocrx_word' id='word_1_179' title='bbox 594 3389 649 3444; x_wconf 84' lang='lat' dir='ltr'>Nao</span> <span class='ocrx_word' id='word_1_180' title='bbox 693 3389 775 3444; x_wconf 86' lang='lat' dir='ltr'>immo</span> <span class='ocrx_word' id='word_1_181' title='bbox 791 3389 823 3442; x_wconf 88' lang='lat' dir='ltr'>iis</span> <span class='ocrx_word' id='word_1_182' title='bbox 841 3407 896 3444; x_wconf 88' lang='lat' dir='ltr'>nou</span> <span class='ocrx_word' id='word_1_183' title='bbox 916 3387 1036 3442; x_wconf 86' lang='lat' dir='ltr'>ooolusus</span> <span class='ocrx_word' id='word_1_184' title='bbox 1052 3401 1092 3442; x_wconf 81' lang='lat' dir='ltr'>est</span> <span class='ocrx_word' id='word_1_185' title='bbox 1115 3385 1202 3444; x_wconf 83' lang='lat' dir='ltr'>aditus</span> 
     </span>
     <span class='ocr_line' id='line_1_26' title="bbox 141 3467 991 3540; baseline -0.006 -17"><span class='ocrx_word' id='word_1_186' title='bbox 141 3469 258 3534; x_wconf 74' lang='lat' dir='ltr'>munus,</span> <span class='ocrx_word' id='word_1_187' title='bbox 276 3487 361 3540; x_wconf 84' lang='lat' dir='ltr'>quum</span> <span class='ocrx_word' id='word_1_188' title='bbox 378 3469 473 3524; x_wconf 77' lang='lat' dir='ltr'>nutu·</span> <span class='ocrx_word' id='word_1_189' title='bbox 497 3470 539 3522; x_wconf 83' lang='lat' dir='ltr'>vel</span> <span class='ocrx_word' id='word_1_190' title='bbox 551 3467 586 3524; x_wconf 79' lang='lat' dir='ltr'>sd</span> <span class='ocrx_word' id='word_1_191' title='bbox 608 3467 649 3522; x_wconf 85' lang='lat' dir='ltr'>di·</span> <span class='ocrx_word' id='word_1_192' title='bbox 693 3467 726 3522; x_wconf 71' lang='lat' dir='ltr'>od</span> <span class='ocrx_word' id='word_1_193' title='bbox 739 3483 855 3522; x_wconf 83' lang='lat' dir='ltr'>summos</span> <span class='ocrx_word' id='word_1_194' title='bbox 866 3468 991 3520; x_wconf 81' lang='lat' dir='ltr'>bonores.</span> 
     </span>
     <span class='ocr_line' id='line_1_27' title="bbox 140 3546 1204 3619; baseline -0.001 -15"><span class='ocrx_word' id='word_1_195' title='bbox 140 3561 273 3604; x_wconf 81' lang='lat' dir='ltr'>otsturam</span> <span class='ocrx_word' id='word_1_196' title='bbox 290 3547 376 3602; x_wconf 83' lang='lat' dir='ltr'>aditus</span> <span class='ocrx_word' id='word_1_197' title='bbox 389 3561 497 3619; x_wconf 73' lang='lat' dir='ltr'>pateret.</span> <span class='ocrx_word' id='word_1_198' title='bbox 514 3548 649 3604; x_wconf 68' lang='lat' dir='ltr'>Mamerco</span> <span class='ocrx_word' id='word_1_199' title='bbox 735 3569 760 3602; x_wconf 87' lang='lat' dir='ltr'>s.</span> <span class='ocrx_word' id='word_1_200' title='bbox 771 3549 904 3602; x_wconf 68' lang='lat' dir='ltr'>amaeam</span> <span class='ocrx_word' id='word_1_201' title='bbox 918 3547 980 3600; x_wconf 84' lang='lat' dir='ltr'>llssc</span> <span class='ocrx_word' id='word_1_202' title='bbox 990 3546 1049 3600; x_wconf 86' lang='lat' dir='ltr'>aliis</span> <span class='ocrx_word' id='word_1_203' title='bbox 1061 3546 1204 3602; x_wconf 76' lang='lat' dir='ltr'>vestimen·</span> 
     </span>
     <span class='ocr_line' id='line_1_28' title="bbox 142 3626 1203 3699; baseline -0.002 -16"><span class='ocrx_word' id='word_1_204' title='bbox 142 3629 254 3683; x_wconf 79' lang='lat' dir='ltr'>AEnsilio</span> <span class='ocrx_word' id='word_1_205' title='bbox 273 3647 328 3682; x_wconf 91' lang='lat' dir='ltr'>non</span> <span class='ocrx_word' id='word_1_206' title='bbox 344 3627 430 3682; x_wconf 74' lang='lat' dir='ltr'>obfmt</span> <span class='ocrx_word' id='word_1_207' title='bbox 444 3640 506 3682; x_wconf 81' lang='lat' dir='ltr'>nota</span> <span class='ocrx_word' id='word_1_208' title='bbox 519 3629 650 3695; x_wconf 70' lang='lat' dir='ltr'>ommia,</span> <span class='ocrx_word' id='word_1_209' title='bbox 692 3627 915 3699; x_wconf 80' lang='lat' dir='ltr'>tissupsrimponi</span> <span class='ocrx_word' id='word_1_210' title='bbox 928 3626 1042 3680; x_wconf 82' lang='lat' dir='ltr'>solebat:</span> <span class='ocrx_word' id='word_1_211' title='bbox 1052 3626 1203 3698; x_wconf 69' lang='lat' dir='ltr'>sicmagno-</span> 
     </span>
     <span class='ocr_line' id='line_1_29' title="bbox 142 3704 1201 3782; baseline 0.002 -21"><span class='ocrx_word' id='word_1_212' title='bbox 142 3709 209 3782; x_wconf 83' lang='lat' dir='ltr'>quin</span> <span class='ocrx_word' id='word_1_213' title='bbox 220 3721 312 3780; x_wconf 77' lang='lat' dir='ltr'>postea</span> <span class='ocrx_word' id='word_1_214' title='bbox 324 3705 437 3762; x_wconf 82' lang='lat' dir='ltr'>dictator</span> <span class='ocrx_word' id='word_1_215' title='bbox 447 3720 587 3765; x_wconf 69' lang='lat' dir='ltr'>ctwrstur.</span> <span class='ocrx_word' id='word_1_216' title='bbox 594 3707 652 3760; x_wconf 74' lang='lat' dir='ltr'>Po·</span> <span class='ocrx_word' id='word_1_217' title='bbox 692 3726 753 3762; x_wconf 78' lang='lat' dir='ltr'>rnru</span> <span class='ocrx_word' id='word_1_218' title='bbox 762 3709 879 3766; x_wconf 75' lang='lat' dir='ltr'>virutum</span> <span class='ocrx_word' id='word_1_219' title='bbox 892 3707 1010 3777; x_wconf 68' lang='lat' dir='ltr'>majans</span> <span class='ocrx_word' id='word_1_220' title='bbox 1021 3704 1201 3764; x_wconf 67' lang='lat' dir='ltr'>admirationis</span> 
     </span>
     <span class='ocr_line' id='line_1_30' title="bbox 141 3783 1203 3859; baseline -0.004 -17"><span class='ocrx_word' id='word_1_221' title='bbox 141 3807 184 3842; x_wconf 80' lang='lat' dir='ltr'>no</span> <span class='ocrx_word' id='word_1_222' title='bbox 192 3789 264 3846; x_wconf 81' lang='lat' dir='ltr'>eninr</span> <span class='ocrx_word' id='word_1_223' title='bbox 273 3805 327 3842; x_wconf 88' lang='lat' dir='ltr'>uon</span> <span class='ocrx_word' id='word_1_224' title='bbox 337 3785 649 3859; x_wconf 60' lang='lat' dir='ltr'>numismatorum,</span> <span class='ocrx_word' id='word_1_225' title='bbox 693 3783 1203 3859; x_wconf 70' lang='lat' dir='ltr'>quasiprotsxtaoondsooratur.-1no-</span> 
     </span>
     <span class='ocr_line' id='line_1_31' title="bbox 142 3863 1201 3940; baseline -0.003 -18"><span class='ocrx_word' id='word_1_226' title='bbox 142 3867 190 3922; x_wconf 79' lang='lat' dir='ltr'>sed</span> <span class='ocrx_word' id='word_1_227' title='bbox 202 3867 237 3922; x_wconf 85' lang='lat' dir='ltr'>sd</span> <span class='ocrx_word' id='word_1_228' title='bbox 248 3866 419 3940; x_wconf 71' lang='lat' dir='ltr'>oon-igundos</span> <span class='ocrx_word' id='word_1_229' title='bbox 431 3867 501 3920; x_wconf 82' lang='lat' dir='ltr'>ciros</span> <span class='ocrx_word' id='word_1_230' title='bbox 512 3867 601 3938; x_wconf 84' lang='lat' dir='ltr'>potius</span> <span class='ocrx_word' id='word_1_231' title='bbox 613 3867 650 3920; x_wconf 88' lang='lat' dir='ltr'>ir·</span> <span class='ocrx_word' id='word_1_232' title='bbox 692 3887 757 3938; x_wconf 71' lang='lat' dir='ltr'>gron.</span> <span class='ocrx_word' id='word_1_233' title='bbox 772 3866 825 3918; x_wconf 79' lang='lat' dir='ltr'>Alii</span> <span class='ocrx_word' id='word_1_234' title='bbox 838 3867 952 3918; x_wconf 73' lang='lat' dir='ltr'>bonores</span> <span class='ocrx_word' id='word_1_235' title='bbox 963 3883 1018 3918; x_wconf 88' lang='lat' dir='ltr'>uon</span> <span class='ocrx_word' id='word_1_236' title='bbox 1030 3864 1078 3920; x_wconf 88' lang='lat' dir='ltr'>diu</span> <span class='ocrx_word' id='word_1_237' title='bbox 1090 3863 1201 3931; x_wconf 81' lang='lat' dir='ltr'>durant,</span> 
     </span>
     <span class='ocr_line' id='line_1_32' title="bbox 141 3943 1201 4020; baseline -0.002 -20"><span class='ocrx_word' id='word_1_238' title='bbox 141 3960 252 4020; x_wconf 62' lang='lat' dir='ltr'>rogatam</span> <span class='ocrx_word' id='word_1_239' title='bbox 265 3946 497 4020; x_wconf 75' lang='lat' dir='ltr'>quarersdeuntss</span> <span class='ocrx_word' id='word_1_240' title='bbox 510 3946 544 4000; x_wconf 84' lang='lat' dir='ltr'>ad</span> <span class='ocrx_word' id='word_1_241' title='bbox 557 3946 649 4000; x_wconf 74' lang='lat' dir='ltr'>melio·</span> <span class='ocrx_word' id='word_1_242' title='bbox 693 3959 720 4000; x_wconf 73' lang='grc' dir='ltr'>ει</span> <span class='ocrx_word' id='word_1_243' title='bbox 740 3946 782 3998; x_wconf 83' lang='lat' dir='ltr'>vol</span> <span class='ocrx_word' id='word_1_244' title='bbox 804 3957 956 4009; x_wconf 58' lang='grc' dir='ltr'><strong><em>πωπω,</em></strong></span> <span class='ocrx_word' id='word_1_245' title='bbox 983 3943 1025 4000; x_wconf 84' lang='lat' dir='ltr'>vel</span> <span class='ocrx_word' id='word_1_246' title='bbox 1045 3945 1144 4010; x_wconf 78' lang='lat' dir='ltr'>annui,</span> <span class='ocrx_word' id='word_1_247' title='bbox 1159 3946 1201 3998; x_wconf 83' lang='lat' dir='ltr'>vel</span> 
     </span>
     <span class='ocr_line' id='line_1_33' title="bbox 142 4022 1202 4099; baseline -0.002 -19"><span class='ocrx_word' id='word_1_248' title='bbox 142 4045 199 4080; x_wconf 82' lang='lat' dir='ltr'>reru</span> <span class='ocrx_word' id='word_1_249' title='bbox 211 4029 314 4099; x_wconf 67' lang='lat' dir='ltr'>frugem</span> <span class='ocrx_word' id='word_1_250' title='bbox 325 4047 357 4081; x_wconf 80' lang='lat' dir='ltr'>ex</span> <span class='ocrx_word' id='word_1_251' title='bbox 368 4027 467 4082; x_wconf 70' lang='lat' dir='ltr'>orariis</span> <span class='ocrx_word' id='word_1_252' title='bbox 480 4027 610 4097; x_wconf 73' lang='lat' dir='ltr'>exempti,</span> <span class='ocrx_word' id='word_1_253' title='bbox 622 4027 649 4079; x_wconf 88' lang='lat' dir='ltr'>in</span> <span class='ocrx_word' id='word_1_254' title='bbox 693 4043 839 4098; x_wconf 79' lang='lat' dir='ltr'>pauooruru</span> <span class='ocrx_word' id='word_1_255' title='bbox 853 4037 1069 4092; x_wconf 67' lang='lat' dir='ltr'>annotaturum,</span> <span class='ocrx_word' id='word_1_256' title='bbox 1079 4022 1202 4080; x_wconf 85' lang='lat' dir='ltr'>utdicts·</span> 
     </span>
     <span class='ocr_line' id='line_1_34' title="bbox 143 4105 1201 4179; baseline 0 -19"><span class='ocrx_word' id='word_1_257' title='bbox 143 4106 262 4166; x_wconf 69' lang='lat' dir='ltr'>altiorem</span> <span class='ocrx_word' id='word_1_258' title='bbox 276 4125 385 4162; x_wconf 77' lang='lat' dir='ltr'>conam</span> <span class='ocrx_word' id='word_1_259' title='bbox 399 4107 492 4171; x_wconf 80' lang='lat' dir='ltr'>relati,</span> <span class='ocrx_word' id='word_1_260' title='bbox 508 4123 591 4179; x_wconf 82' lang='lat' dir='ltr'>equus</span> <span class='ocrx_word' id='word_1_261' title='bbox 603 4105 651 4158; x_wconf 89' lang='lat' dir='ltr'>bo-</span> <span class='ocrx_word' id='word_1_262' title='bbox 693 4119 767 4170; x_wconf 70' lang='grc' dir='ltr'>ωτι,</span> <span class='ocrx_word' id='word_1_263' title='bbox 780 4105 943 4163; x_wconf 72' lang='lat' dir='ltr'>eunonium.</span> <span class='ocrx_word' id='word_1_264' title='bbox 958 4123 1090 4160; x_wconf 69' lang='lat' dir='ltr'>maura:</span> <span class='ocrx_word' id='word_1_265' title='bbox 1106 4117 1132 4158; x_wconf 81' lang='lat' dir='ltr'>at</span> <span class='ocrx_word' id='word_1_266' title='bbox 1145 4123 1201 4160; x_wconf 85' lang='lat' dir='ltr'>rna·</span> 
     </span>
    </p>
   </div>
   <div class='ocr_carea' id='block_1_11' title="bbox 954 4201 1016 4282">
    <p class='ocr_par' dir='ltr' id='par_1_11' title="bbox 954 4201 1016 4282">
     <span class='ocr_line' id='line_1_35' title="bbox 954 4201 1016 4282; baseline 0 0"><span class='ocrx_word' id='word_1_267' title='bbox 954 4201 1016 4282; x_wconf 75' lang='lat'>11⁴</span> 
     </span>
    </p>
   </div>
   <div class='ocr_carea' id='block_1_12' title="bbox 0 0 1598 5132">
    <p class='ocr_par' dir='ltr' id='par_1_12' title="bbox 0 0 1598 5132">
     <span class='ocr_line' id='line_1_36' title="bbox 0 0 1598 5132; baseline 0 0"><span class='ocrx_word' id='word_1_268' title='bbox 0 0 1598 5132; x_wconf 95' lang='lat' dir='ltr'> </span> 
     </span>
    </p>
   </div>
  </div>
 </body>
</html>
