3196 5122
226 561 330 628 cst.
356 560 422 647 lv,
449 560 516 630 DE
545 558 735 628 HUMILI
763 559 901 628 LOCO
927 559 1081 628 NATIS.
1141 585 1209 630 aas

146 689 321 778 dicendum,
336 690 422 786 quod
438 703 622 760 mercatore
636 691 818 758 Demarato
834 691 999 784 genitum
1019 691 1217 774 erubescen-

147 798 246 885 dum,
259 797 351 892 quod
368 800 467 866 etiam
486 796 596 866 exsule
606 795 626 864 ¹.
644 799 810 866 Caeteruru
832 811 900 866 taur
919 821 1115 892 prosperum
1135 823 1214 869 con·

146 904 279 972 ditionis
291 929 358 973 suae
371 919 527 972 eventum
539 902 699 972 industria
710 926 768 972 sua
781 927 844 996 pro
857 902 1018 972 invidioso
1034 902 1213 998 gloriosum

147 1008 330 1080 reddidit²z
352 994 520 1080 dilatavit³
541 1011 628 1078 enim
647 1009 775 1104 imperii
800 1007 897 1099 fines,
925 1008 1052 1079 cultum
1073 1009 1211 1080 deorum

146 1118 241 1185 novis
267 1115 457 1186 sacerdotiis
482 1118 593 1200 auxit,
621 1140 797 1184 numerum
817 1106 958 1186 'senatus
983 1115 1212 1209 amplificavit,

144 1237 331 1316 equestrem
358 1223 507 1292 ordinem
531 1222 717 1300 uberiorem
739 1221 890 1317 reliquit:
912 1247 1050 1316 quaeque
1075 1221 1210 1324 laudum

191 1451 216 1485 r.
233 1433 333 1486 Exsule.
348 1433 466 1488 Instante
488 1431 595 1506 Cypseli
616 1443 659 1503 ty·
702 1432 771 1483 rium
788 1430 988 1503 occupandum,
1002 1451 1061 1504 quse
1074 1451 1115 1484 res
1130 1451 1212 1504 quum

145 1510 273 1578 renuide,
291 1514 447 1566 Demaratus
463 1531 495 1564 ex
511 1523 659 1564 mercatura
702 1524 768 1564 essct
790 1513 818 1564 in
843 1512 888 1564 tali
911 1512 970 1564 viro
994 1509 1143 1580 invidiosa,
1169 1513 1213 1566 iiie

146 1593 243 1664 opibus
259 1591 409 1655 abundans,
432 1589 505 1644 haud
530 1603 617 1644 tutum
632 1609 659 1643 se
703 1607 759 1644 eam
778 1611 824 1646 sua
839 1589 969 1668 industria
983 1589 1102 1644 reddidit
1115 1591 1213 1662 glorio·

145 1684 235 1738 ratus,
257 1672 426 1744 compositis,
449 1683 579 1742 quantum
599 1669 659 1724 fieri
703 1688 767 1723 nus.
1126 1666 1136 1684 '

145 1764 265 1822 poterut,
285 1751 364 1804 rebus
382 1751 450 1818 suis,
468 1750 599 1803 Corintho
616 1769 658 1803 re·
744 1750 770 1803 3.
787 1751 915 1803 Dilatavit.
933 1750 1001 1803 Nam
1017 1749 1127 1802 Sabinos
1142 1751 1212 1804 belin

144 1831 225 1899 licto,
241 1831 378 1902 Tarquiniis
382 1869 390 1894 ,
403 1848 497 1901 mogus
505 1830 568 1883 olitn
579 1829 659 1894 urbe,
702 1829 849 1900 superavit,
858 1830 942 1901 iisque
950 1831 1090 1883 Collatiam
1102 1829 1213 1898 ademit;

146 1909 259 1963 domum
274 1911 324 1963 sibi
343 1909 486 1974 exstruxit,
504 1921 531 1964 et
549 1928 659 1964 uxorem
702 1906 800 1961 deinde
815 1910 911 1963 multas
922 1910 1002 1962 etiarn
1013 1910 1170 1964 latinorum
1178 1912 1216 1966 ci·

148 2008 245 2060 genere
272 1991 400 2042 illustrem
426 1987 521 2054 duxit,
548 2008 581 2043 ex
607 2007 660 2062 qua
703 1988 796 2042 vitates
809 1987 904 2060 adjecit
918 1989 1031 2062 imperio
1039 2008 1158 2043 romano.
1172 2025 1212 2035 —

148 2072 280 2121 Arnutem
300 2083 327 2122 et
349 2069 531 2123 Lucumonem
553 2069 660 2140 genuit,
703 2069 801 2140 Imperii
808 2068 882 2138 fieres.
897 2069 938 2121 Ita
950 2067 1059 2140 Pighius
1074 2089 1105 2122 er
1122 2069 1213 2124 codice

149 2150 226 2218 cujus
241 2167 307 2202 uxor
317 2149 448 2220 Tanaquil
462 2147 593 2221 migrandi
605 2149 659 2201 lto-
704 2147 796 2220 Camp.
808 2166 892 2221 quum
905 2146 988 2203 Aldus
999 2147 1123 2202 edidisset
1130 2152 1215 2222 populi

148 2245 221 2280 maru
238 2229 377 2283 consilium
395 2226 468 2282 dedit
484 2228 588 2284 marito.
609 2229 660 2282 Hic
703 2232 795 2280 romoni
800 2227 1014 2298 fiaes.1nmraitis
1022 2225 1101 2282 codd.
1109 2242 1212 2284 tautum

148 2305 247 2361 deiude
257 2351 259 2356 .
269 2309 297 2360 in
314 2327 444 2362 summam
459 2308 525 2362 Auci
539 2310 609 2380 regis
623 2309 660 2363 ia·
702 2308 816 2378 legitur:
830 2307 944 2361 dilatavit
954 2307 1092 2378 euimfiuer.
1102 2341 1143 2352 --
1156 2311 1214 2364 Cul-

148 2387 407 2441 miliaritatemvenit
415 2399 441 2440 et
449 2387 594 2440 liberorum
603 2391 659 2460 ejus
703 2387 1212 2461 tumdeorurx.Quieuugururrrooliegium

147 2479 222 2519 tutor
242 2469 401 2522 constitutus
419 2478 467 2520 est.
486 2465 595 2523 Mortuo
612 2487 659 2520 cu·
701 2485 805 2520 summo
823 2467 851 2519 iu
871 2467 973 2521 honore
994 2467 1086 2522 haberi
1108 2470 1212 2536 ¹voluit,

147 2559 203 2600 tem
220 2548 295 2600 Anco
309 2565 420 2619 regnum
439 2548 494 2618 ipse
509 2547 657 2619 intercepit.
700 2544 780 2609 adeo,
794 2559 824 2600 ut
836 2548 904 2600 nihil
914 2547 1038 2620 privatim
1050 2549 1211 2620 reipublice

148 2627 279 2680 Cntunm
285 2623 658 2698 Pighianamdedimuslectio-
701 2639 804 2698 ageret,
819 2627 871 2680 nisi
883 2628 959 2698 prius
973 2628 1056 2699 ceptis
1071 2630 1210 2701 suspiciis3

146 2725 217 2760 nem.
229 2705 312 2760 Aldus
324 2708 361 2760 sic
372 2705 513 2761 ediderat:
529 2706 656 2770 Alienum,
701 2704 849 2777 quodinde
861 2707 1022 2771 factumest,
1037 2709 1112 2778 quia,
1127 2728 1209 2781 quum
1287 2729 1290 2735 ·

147 2787 215 2858 quod
225 2799 356 2840 escotum:
374 2787 604 2858 adruiorem,qucd
616 2807 658 2839 or-
700 2786 780 2839 vellet
807 2787 889 2840 curiis
911 2807 926 2840 a
951 2787 1065 2840 Romulo
1085 2788 1210 2842 institutis

147 2877 197 2918 tum
221 2865 337 2920 Corintho
358 2887 368 2920 .·
385 2866 572 2934 fastidiam,
595 2867 662 2938 quod
700 2883 782 2920 novas
790 2864 888 2919 addere
897 2867 996 2931 curios,
1009 2867 1115 2918 Nautius
1127 2885 1211 2939 augur

147 2959 276 2999 mercatore
295 2951 400 3018 garritum
425 2967 434 3000 :
462 2945 657 3004 erubescendum.
702 2944 744 3008 id,
761 2946 811 2998 nisi
825 2943 876 2998 diis
886 2945 961 3016 prius
972 2963 1020 3016 per
1030 2946 1139 3016 auguria
1150 2967 1211 3000 oon·

146 3027 215 3098 quod
233 3031 304 3080 ctiam
325 3028 405 3079 emula
425 3028 558 3078 Demaruto
577 3037 659 3078 uatum
701 3025 792 3088 saitis,
803 3024 860 3078 fieri
871 3043 947 3096 posse
955 3023 1073 3094 negabat.
1084 3027 1139 3078 Rex
1149 3046 1211 3080 vero

142 3118 225 3176 patre.
245 3107 279 3158 Et
298 3107 335 3160 sio
347 3106 470 3177 plerique
484 3103 563 3158 codd.
582 3104 658 3158 MSS.
702 3107 758 3175 ejus
775 3103 838 3158 artis
855 3103 936 3156 iidem
952 3101 1056 3156 elusus
1073 3122 1079 3157 :
1095 3105 1208 3168 Consule,

147 3197 177 3238 et
189 3198 252 3239 vett.
268 3183 330 3238 edd.
344 3185 496 3238 Periocuius
509 3203 517 3238 ι
530 3185 656 3248 Atrum,
702 3183 805 3255 iuquit,
816 3203 881 3246 aser,
887 3183 974 3254 fierine
978 3187 1069 3255 possit,
1080 3185 1146 3254 quod
1156 3192 1209 3238 oui-

146 3266 215 3336 quod
239 3265 367 3316 Etruscum
388 3287 398 3318 .·
421 3265 570 3327 alieniorem,
595 3265 662 3338 quod
702 3283 740 3316 mo
753 3263 971 3336 concivios’Quod
981 3282 1063 3334 quum
1073 3264 1117 3317 ilie
1128 3268 1210 3338 captis

146 3355 229 3394 ornem
258 3343 387 3404 Corintho,
419 3361 478 3417 ques
508 3346 658 3415 conjectura
702 3344 817 3415 auguriis
840 3343 898 3398 tien·
919 3363 995 3416 posse
1012 3342 1209 3416 respondisset:

146 3423 283 3476 Torrenio
294 3423 388 3494 piacet.
397 3421 493 3476 Aldina
502 3423 581 3476 lectio
593 3425 660 3494 gios-
704 3423 781 3494 Cape,
799 3424 901 3496 iuquit,
925 3424 1090 3484 irascentem,
1114 3443 1210 3498 eamque

147 3521 207 3556 saur
228 3503 312 3574 sapit,
333 3514 361 3554 et
383 3502 538 3573 Pighiansm
560 3505 659 3557 ceteris
701 3503 1208 3558 novoculadr'rciudeidtilleiucuuctan·

147 3580 342 3655 preferendam
361 3594 449 3635 oeuset
470 3583 603 3653 Kappim,
623 3584 658 3638 ita
702 3595 743 3636 ter
757 3585 857 3655 accepit
870 3585 1000 3656 resecuit.
1012 3583 1089 3638 Tunc
1102 3603 1149 3638 rex
1161 3605 1210 3639 cor·

106 3695 109 3702 ⁴
149 3675 253 3728 umen,
266 3674 295 3714 ut
307 3663 536 3733 putet‚Demnrato
548 3680 579 3714 es
589 3682 658 3718 mar·
701 3663 742 3733 pit
750 3676 776 3717 et
787 3664 837 3716 arti
848 3661 929 3716 iidem
937 3676 964 3716 et
973 3665 1116 3734 auguribus
1123 3665 1209 3718 hono·

149 3743 212 3814 gine
225 3743 254 3794 in
271 3753 372 3794 textum
387 3741 529 3812 irrepsisse.
702 3761 757 3795 reru
770 3743 915 3795 maximum
928 3739 1110 3796 adhibere-
1123 3745 1212 3798 Nume-

193 3843 218 3875 ι.
233 3821 352 3874 Cateruru
361 3833 409 3874 tum
415 3841 553 3892 prosperum
559 3861 655 3876 .......
702 3841 754 3874 rum
767 3834 870 3876 senatres.
886 3822 1001 3876 Centum
1015 3835 1103 3894 patres
1116 3823 1210 3894 adjecit

150 3901 265 3955 reddidit.
291 3900 335 3955 Sic
359 3901 388 3954 in
419 3919 512 3972 magna
540 3900 660 3956 lectionis
702 3899 791 3954 ordini
800 3901 1000 3972 senatorio,qui
1009 3903 1141 3956 minorum
1150 3923 1211 3974 geu·

149 3982 275 4036 varietate
294 3982 407 4037 Temo.
426 3993 498 4034 recte
515 3979 611 4046 edidit,
633 3993 659 4034 et
702 3981 769 4032 tiuru
784 3994 845 4035 sunt
860 3980 992 4052 appellati.
1011 3981 1067 4034 Nec
1079 4001 1134 4036 uon
1147 4003 1208 4038 oeu-

150 4063 338 4132 iuterpretatus
349 4074 407 4115 est:
420 4057 494 4132 quod
511 4079 584 4125 eum,
600 4061 659 4116 tulis
701 4061 783 4114 turias
792 4078 806 4112 a
815 4061 931 4114 Romulo
941 4061 1072 4114 institutas
1082 4063 1166 4130 auxit,
1179 4077 1209 4116 ut

151 4140 312 4196 conditionis
325 4141 426 4207 virum,
446 4141 554 4194 fortuna
570 4141 598 4194 iu
613 4157 658 4194 ur·
701 4141 729 4194 iu
747 4141 832 4195 tribus
848 4141 974 4196 centuriis
994 4141 1094 4196 Mccc
1110 4143 1211 4215 equites

150 4220 211 4274 bem
228 4222 336 4275 Romam
354 4221 505 4280 advexerit.
523 4219 558 4276 ad
573 4221 658 4292 impe·
690 4233 794 4292 ¹esseut·
