3168 5124
402 523 479 621 ‘426
547 525 553 534 ¹
605 533 830 602 VALERII
864 531 1071 598 ΜΑΧΙΜῙ
1108 531 1204 599 LlB.
1233 533 1292 598 vt.

398 693 441 737 ne
455 666 497 736 de
511 667 627 761 Magni
641 666 789 760 Pompeii
803 665 903 732 nimia
918 664 1066 759 potentia
1083 677 1296 757 quereretur,
1311 685 1473 734 assensus·

398 799 463 870 que
484 775 514 842 ei
538 771 628 842 clara
648 796 732 841 voce
755 772 928 840 universus
951 769 1094 866 populus
1118 783 1205 839 esset
1222 795 1231 838 :
1248 771 1470 857 Acclamate,
1578 765 1579 818 l

398 882 525 976 inquit,
542 882 709 972 Quirites,
729 878 942 966 acclamate,
959 877 1040 948 dnm
1054 875 1148 946 b'cet¹
1157 875 1256 968 :jam
1270 883 1360 946 eruin
1373 877 1471 946 vobis

396 993 534 1084 impune
541 987 673 1074 facere
689 1009 758 1056 noa
773 984 896 1055 licebit.
916 982 1071 1054 Pulsata²
1094 997 1145 1054 est
1161 997 1242 1054 tunc
1260 985 1371 1052 eximii
1389 985 1470 1054 civis

397 1096 564 1190 potentia,
577 1094 655 1164 binc
672 1092 833 1162 invidiosa
851 1091 1003 1188 querela,
1017 1091 1096 1160 binc
1118 1090 1354 1160 lamentatione
1373 1091 1467 1160 mise·

398 1200 500 1270 rabili.
966 1214 970 1223 ’

452 1333 485 1403 7.
502 1307 566 1377 Cui
579 1305 719 1376 candida
734 1305 835 1376 fascia
849 1330 925 1375 crus
938 1303 1107 1400 alligatum
1122 1304 1258 1373 habenti
1272 1305 1439 1373 Favonius
1445 1291 1467 1391 ³,

394 1416 478 1486 Non
495 1414 619 1507 refert,
641 1415 765 1508 inquit,
784 1437 855 1510 qua
874 1417 910 1481 ia
925 1428 1033 1508 parte
1049 1417 1202 1508 corporis
1221 1416 1269 1480 sit
1283 1409 1464 1496 clzbdemn,

395 1523 504 1617 exigui
526 1523 627 1616 panni
647 1519 855 1589 cavillatione
875 1522 982 1614 regias
1005 1520 1035 1588 ei
1058 1506 1164 1590 vires⁶
1183 1517 1415 1614 exprobrans:
1435 1533 1467 1586 at

395 1629 422 1697 is
444 1643 562 1697 neutra
578 1629 613 1696 in
632 1642 726 1721 parte
746 1641 874 1696 mutato
889 1624 1004 1712 vultu,
1024 1640 1204 1721 utrumque
1224 1627 1332 1710 eavit,
1348 1649 1391 1694 ne
1412 1640 1466 1694 aut

394 1733 491 1803 hilari
511 1735 621 1804 fronte
636 1733 776 1803 libenter
794 1757 975 1828 agnoscere
993 1735 1193 1827 potentiam,
1209 1746 1268 1800 aut
1284 1733 1372 1800 tristi
1386 1733 1464 1800 iram

393 1841 544 1936 profiteri
565 1841 757 1928 videretur,
776 1865 881 1936 eaque
899 1841 1057 1934 patientia
1071 1839 1352 1909 inferiorisetiam
1371 1863 1464 1934 gene·

394 1949 438 2017 ris
453 1963 487 2018 et
500 1947 642 2019 fortunae
656 1947 846 2018 bominibus
860 1946 985 2016 aditum
1000 1946 1158 2024 adversus
1173 1969 1208 2015 se
1223 1945 1337 2014 dedit:
1355 1969 1374 2012 c
1392 1970 1466 2040 quo

393 2079 468 2123 rum
491 2055 589 2124 turba
610 2055 694 2126 duos
717 2053 866 2125 retulisse
887 2053 1019 2122 abunde
1045 2055 1117 2122 erit.

448 2162 481 2232 8.
502 2161 639 2232 Helvius
658 2164 791 2232 Mancia
813 2161 995 2231 formianus
1005 2145 1028 2248 ⁵,
1042 2159 1185 2229 libertini
1207 2157 1316 2244 filius,
1342 2156 1465 2228 ultima

392 2272 591 2356 senectutis,
609 2271 648 2338 L.
664 2268 831 2340 Libonem
851 2267 940 2363 apud
959 2291 1114 2340 censores
1128 2265 1327 2353 accusabat3
1346 2267 1381 2333 in
1399 2289 1464 2358 quo

391 2378 571 2445 certamine
591 2401 695 2470 quum
719 2377 897 2470 Pompeius
922 2375 1067 2469 Magnus
1087 2371 1309 2442 humilitatem
1331 2373 1362 2440 ei
1383 2385 1463 2440 aeta-

390 2495 523 2576 temqne
541 2481 767 2575 exprobrans,
781 2482 829 2550 ab
844 2481 964 2574 efferis
986 2481 1079 2550 iilum
1093 2480 1146 2549 ad
1160 2477 1396 2548 accusandam
1412 2503 1462 2546 re·

387 2592 525 2656 missum
544 2587 700 2656 dixisset:
725 2591 836 2656 «Non
859 2587 1025 2670 mentiris,
1046 2587 1170 2680 inquit,
1188 2586 1342 2680 Pompei3
1363 2586 1462 2653 venio

388 2694 476 2762 enim
500 2693 543 2762 ab
565 2692 697 2762 inferis:
726 2695 758 2761 in
786 2696 825 2763 L.
852 2678 1041 2763 Libonem⁶
1059 2707 1234 2762 accusator
1255 2693 1375 2776 venio;
1397 2689 1457 2760 sed

387 2903 413 2945 et
422 2891 531 2946 Crassus
543 2891 659 2946 libertati
670 2903 785 2945 mortem
796 2891 904 2944 minita·
948 2888 991 2944 ed.
1005 2902 1058 2944 ret.
1080 2901 1107 2942 et
1126 2890 1199 2960 Mog.
1221 2893 1270 2960 ejus
1286 2893 1359 2950 vua,
1379 2886 1456 2959 quod

387 2984 491 3026 rentur.
947 2983 1036 3024 ortum
1050 2989 1082 3023 er
1095 2973 1118 3022 ei
1127 2975 1199 3022 oiree

431 3069 455 3106 t.
476 3053 553 3104 Licet.
575 3053 724 3123 Antequam
745 3065 903 3124 perpetuum
989 3051 1015 3104 5.
1026 3051 1180 3104 Formiana.
1194 3052 1246 3103 An.
1256 3049 1290 3101 U.
1302 3050 1459 3119 698.672,

387 3131 529 3204 imperium
538 3131 679 3203 Pompeius
686 3133 838 3203 occuparit,
847 3151 901 3206 quo
947 3133 1018 3200 676,
1028 3127 1162 3201 671.Vid.
1170 3129 1229 3183 Liv.
1239 3129 1384 3182 LXXXIX
1392 3147 1457 3199 ,σιμ

389 3212 472 3280 iacto,
486 3231 520 3264 ne
531 3213 632 3266 hiscere
642 3210 751 3283 quidem
763 3210 900 3266 audebitis.
945 3209 1060 3283 Appiae.
1075 3211 1103 3274 1;
1113 3211 1235 3264 Ζοπιηι.
1248 3211 1283 3262 Et
1294 3210 1323 3261 in
1334 3227 1368 3262 eo
1381 3209 1459 3262 Tibe·

430 3313 455 3346 a.
477 3293 582 3344 Pulsate
600 3303 642 3345 est.
660 3293 804 3360 Accusata,
814 3311 902 3364 repre·
944 3290 986 3342 rio
995 3289 1139 3362 gratificari
1150 3289 1259 3344 videtur
1269 3287 1362 3361 ,quod
1376 3289 1457 3342 libere

387 3371 479 3426 beosa.
944 3369 972 3422 in
980 3370 1138 3442 Pompeium
1151 3370 1221 3424 dieta
1231 3369 1332 3423 recitat.

429 3453 455 3506 3.
479 3453 608 3506 Fanum.
628 3453 706 3504 Auno
722 3446 804 3503 Urbis
825 3453 899 3519 699,
985 3453 1010 3504 6.
1032 3451 1064 3504 ln
1086 3451 1115 3503 L.
1135 3451 1259 3503 Libonem.
1278 3449 1324 3502 Sic
1345 3461 1457 3520 uterque

387 3531 503 3585 circiter.
512 3533 681 3598 Ammianus,
691 3531 785 3596 XVII,
804 3548 848 3584 rr.
858 3561 900 3576 -
942 3529 1042 3584 Brand.
1056 3529 1111 3584 duo
1128 3530 1261 3584 Gronorii
1277 3529 1342 3582 libri
1352 3567 1360 3596 ,
1371 3529 1454 3581 Periz.

386 3611 517 3664 Diadema.
534 3612 667 3678 Quoniam
679 3613 763 3679 sarcia
776 3611 895 3673 candida,
943 3611 1038 3683 Copes.
1060 3611 1132 3682 Lipa.
1153 3622 1180 3663 et
1193 3609 1321 3683 permulti
1340 3608 1395 3662 alii.
1411 3609 1453 3661 Sic

385 3709 437 3762 qua
454 3705 511 3745 tum
527 3693 661 3764 alligatum
678 3709 738 3745 erus
755 3691 898 3764 Pompeias
940 3689 1003 3761 legit
1016 3697 1135 3763 'quoque
1158 3691 1222 3744 lob.
1246 3689 1450 3743 Sarisburensis.

384 3771 494 3837 babuit,
513 3773 624 3824 Mara
644 3784 767 3836 vocatur,
789 3783 898 3844 apparet
942 3769 1453 3835 Quidam‚M.Lihammacc-usatoraeirio.

384 3853 426 3904 vel
436 3853 514 3918 binc,
525 3851 660 3918 diadema,
669 3852 773 3923 insigne
781 3852 896 3922 regium,
941 3850 1026 3904 Nihili
1037 3869 1100 3922 ergo
1116 3863 1168 3916 est,
1179 3848 1252 3922 quod
1266 3848 1400 3904 editiones
1413 3867 1454 3901 re·

384 3931 490 3986 fasciam
506 3931 645 3986 candidam
659 3931 793 3984 interdum
804 3932 895 3998 luisse,
940 3931 1081 3996 centiens,
1091 3930 1256 3983 Torreniana
1266 3942 1390 4002 excepta,
1400 3947 1454 3999 pre

384 4028 436 4080 qua
450 4013 565 4066 frontem
578 4013 734 4084 obligarent.
745 4010 808 4066 Vid.
822 4011 894 4084 Lips.
939 4029 967 4063 se
987 4009 1076 4064 ierunt
1098 4011 1127 4064 L.
1148 4009 1263 4063 Liberem
1288 4022 1452 4062 mmmm.

385 4103 439 4142 not.
457 4091 490 4144 sd
504 4093 521 4144 l.
537 4093 586 4146 vt.
602 4091 687 4146 Tacit.
938 4089 989 4144 Hie
1006 4103 1094 4144 autem
1107 4090 1175 4144 Libo
1190 4104 1248 4145 erat
1261 4091 1363 4144 amiens
1376 4091 1453 4142 Pom·

425 4175 452 4233 4.
463 4171 579 4225 Eioires.
589 4171 632 4226 sic
642 4155 894 4225 recteTorren.eili·
937 4171 1000 4242 peii.
1016 4169 1087 4224 Vide
1102 4171 1237 4224 Ciceronis
1251 4171 1357 4243 epistol.
1369 4171 1396 4232 1,
1419 4166 1450 4220 ad

383 4247 423 4303 dit
435 4269 484 4321 pro
499 4254 548 4322 es'us
558 4255 630 4305 vires.
645 4252 723 4305 Multi
736 4253 813 4304 Mss.
832 4270 891 4304 curn
937 4251 1089 4304 Lentulum.
