3184 5132
267 485 386 606 'usn
415 533 540 620 vus,
568 533 636 602 ua
671 533 994 607 n1uscun1s.
1123 541 1172 614 aa

104 669 306 758 dem,Cassi,
316 667 704 760 Caesarem3nequeenim
713 669 874 762 exstingui
885 668 949 738 ulla
961 667 1175 744 vi¹divinitas

104 790 215 872 potest
230 801 240 864 ;
255 775 312 844 sed
328 771 458 843 mortali
478 773 587 842 adbuc
605 797 745 867 corpore
759 787 906 846 utentem
919 776 1090 867 violando,
1105 805 1173 850 ma·

103 885 199 953 ruisti
215 895 255 951 ut
270 895 338 952 tum
360 879 515 950 infestum
535 878 673 948 haberes
691 879 800 952 deum.

158 1013 192 1085 9.
214 992 288 1058 lam
309 986 399 1082 quod
420 989 459 1056 L.
483 985 661 1056 Lentulus'
689 985 765 1058 litus
786 990 1029 1084 praenavigans,
1047 992 1082 1062 in
1104 1017 1171 1088 quo

103 1099 166 1166 Cn.
187 1095 336 1190 Pompeii
354 1095 488 1189 Magni,
508 1091 648 1188 perfidia
662 1093 829 1164 Ptoleinaei
852 1099 936 1190 regis
957 1099 1170 1194 interempti,

103 1227 225 1296 corpus
252 1201 425 1271 conscissa
453 1199 584 1295 scapbae
611 1197 706 1294 lignis
729 1201 1012 1290 comburebatur,
1035 1207 1171 1299 ignarus

103 1333 198 1378 casus
216 1309 303 1402 ejus,
319 1331 421 1402 quum
442 1308 503 1401 ipsi
527 1309 678 1376 Fortunae
697 1307 957 1378 erubescendum
978 1335 1096 1406 rogum
1117 1315 1167 1382 vi-

103 1415 203 1484 disset
218 1433 240 1500 ,·
262 1412 542 1490 commilitonibus
576 1413 658 1482 dixit
684 1437 692 1480 τ
723 1413 817 1504 Quid
841 1421 991 1502 scmus,
1028 1441 1076 1488 aa
1104 1420 1173 1490 dcc

86 1520 246 1612 flamma
269 1523 327 1592 Cn.
348 1523 533 1616 Pompeius
553 1533 719 1589 cremetur
735 1519 756 1588 Ρ
772 1519 929 1592 diuinitus
950 1525 1056 1596 missua
1079 1528 1169 1604 vocis

101 1612 322 1698 miracrilum·³
343 1643 401 1696 est.

161 1759 216 1806 io.
239 1737 348 1828 Atque
367 1731 432 1802 boc
452 1731 585 1826 quidem
606 1731 767 1818 hominis,
785 1745 819 1800 et
835 1719 952 1804 casu⁴2
971 1722 1070 1808 ittud⁵
1092 1751 1167 1810 tan-

100 1857 173 1910 tum
190 1867 258 1910 non
277 1865 334 1908 ore
348 1841 451 1932 ipsius
466 1837 625 1932 Apollinis
640 1837 784 1921 editum,
802 1863 870 1932 quo
886 1841 983 1935 Appii
1000 1843 1169 1914 interitum

98 1947 248 2016 ueridica
255 1947 398 2039 Pythice
408 1944 647 2012 vaticinationis
661 1943 744 2013 fides
756 1947 936 2038 praecurrit.
948 1947 980 2016 Is
991 1947 1077 2018 bello
1091 1952 1169 2019 civi·
1274 2025 1280 2034 ,

97 2053 122 2122 li
135 2107 144 2138 ,
156 2077 270 2146 quoae
288 2055 350 2120 Cn.
368 2051 541 2144 Pompeius
551 2051 716 2118 aCaesaris
730 2051 908 2120 concordia
923 2053 1078 2146 pestifero
1092 2056 1169 2146 sibi,

96 2184 165 2228 nec
185 2153 373 2253 reipublicae
394 2155 466 2224 utili
492 2153 628 2224 consilio
651 2155 846 2250 abruperat,
867 2173 1022 2227 eventum
1049 2164 1169 2258 gravis·

97 2267 175 2338 simi
196 2249 324 2334 motus⁶
345 2260 517 2358 explorare
533 2263 690 2357 cupiens;
707 2263 832 2334 viribus
849 2265 979 2360 imperii
994 2261 1008 2356 (
1025 2291 1167 2363 namque

98 2469 148 2510 est.
160 2455 265 2510 Cassius
276 2455 330 2508 scil.
347 2472 375 2508 se
387 2453 443 2524 ipse
456 2452 610 2523 alloquitur.
698 2451 723 2504 5.
731 2452 805 2506 lund.
816 2453 935 2525 Contigit
943 2456 993 2509 An.
1002 2457 1038 2510 U.
1050 2465 1117 2528 704.
1125 2491 1165 2502 .-

144 2556 168 2590 s.
180 2535 222 2587 Vi.
232 2537 309 2588 Deest
322 2534 350 2586 in
363 2533 453 2586 multis
465 2530 554 2597 codd,
564 2530 610 2588 sed
653 2531 767 2602 Pyrum
780 2537 968 2589 wdeinutiom's.
979 2537 1061 2607 Pytlso
1070 2539 1165 2592 mulier

96 2617 168 2670 duce
176 2617 288 2668 Torrea.
297 2615 327 2667 in
340 2625 440 2668 textum
451 2613 609 2685 recepimus.
653 2609 729 2664 sdeo
740 2611 900 2681 implets,ut
908 2615 943 2668 ait
950 2617 967 2668 J
969 2617 1165 2684 ustinus,etre·

97 2697 174 2768 Ssepe
187 2695 255 2748 hauc
267 2695 388 2748 voculam
400 2693 477 2764 culpe
488 2692 610 2746 librario·
652 2709 748 2762 sponsu
763 2689 827 2745 dare
851 2694 1048 2750 consulentibus
1065 2711 1163 2752 coacta.

97 2771 413 2840 rumescidnoe,dndnm
422 2771 607 2826 monnitGud.
652 2769 779 2842 Magnum
787 2773 1163 2848 saneiuiasesuspicormyste·

95 2855 133 2910 ad
144 2853 233 2908 Phed.
247 2855 272 2912 1.
289 2857 342 2908 rr.
651 2849 1162 2920 riumcraculorumscilicsacerdotum,

141 2955 166 2988 a.
183 2937 212 2988 L.
226 2935 350 2988 Lentulus.
365 2935 398 2986 Δ.
410 2933 444 2984 U.
457 2930 525 3002 705.
537 2931 607 2985 Plus
651 2930 750 3001 ubique
762 2931 951 2986 cohaerentium
962 2945 987 2984 et
998 2952 1089 2986 ornnes
1101 2937 1162 2988 ubi-

97 3017 126 3070 in
149 3015 241 3086 Pomp.
258 3027 284 3067 et
300 3015 388 3068 Cesar
407 3011 441 3064 de
456 3013 486 3064 ll.
508 3012 539 3066 C.
556 3012 607 3066 ut.
650 3027 758 3080 queres
778 3011 980 3076 sciscitantium,
997 3025 1026 3066 ut
1046 3016 1161 3082 cunctis,

94 3129 138 3140 -
157 3096 289 3148 Ptole-ni.
306 3095 357 3147 Per
374 3092 504 3146 Achillam
517 3131 526 3156 ,
539 3109 607 3163 prse-
650 3107 710 3160 quas
730 3091 799 3144 sorte
821 3091 854 3142 ab
876 3093 1013 3146 orsmtun
1037 3095 1159 3164 petituris

94 3177 197 3228 fectum
218 3175 336 3244 regium,
357 3183 385 3226 et
400 3173 432 3225 L.
448 3171 607 3242 Septimium
650 3167 769 3240 Delphos
795 3169 906 3241 perferri
935 3184 1066 3243 possent,
1088 3188 1160 3232 recte

95 3256 269 3308 interemerat
283 3251 607 3324 Pompeium-Magnes
650 3247 815 3319 ponderatis,
823 3250 912 3306 imnis
922 3269 982 3306 cum
992 3251 1106 3326 quadam
1118 3275 1161 3310 ve·

92 3334 186 3386 dictus
201 3343 239 3384 est
261 3332 402 3401 Pompeius,
426 3329 531 3383 devicto
553 3331 606 3384 ldi-
649 3329 680 3382 ri·
695 3328 867 3387 similitudine
879 3332 1038 3403 conjiciendi
1051 3334 1102 3386 sibi
1118 3353 1159 3388 es-

94 3411 214 3467 thn'date
229 3422 256 3462 et
267 3409 389 3481 'ligeum
407 3441 448 3454 -
466 3409 605 3464 Conubia.
648 3420 687 3461 set
701 3409 818 3462 incultas.
831 3411 900 3466 Locs
914 3413 1083 3466 oraculorum
1094 3431 1157 3468 cen·

94 3493 196 3546 Passim
207 3494 323 3551 mncisoe,
340 3503 370 3542 nt
384 3491 417 3542 sit
430 3509 445 3542 ι
460 3490 566 3543 oenctdo.
582 3497 606 3544 A
649 3499 720 3542 trum
737 3490 811 3561 quasi
837 3489 916 3544 luisse
939 3490 1080 3557 videntur,
1102 3512 1156 3564 quo

94 3573 189 3626 vitiosa
202 3572 271 3624 sorte
280 3569 494 3640 pronuntiatione
507 3582 603 3624 ortum.
645 3587 740 3622 omnes
757 3569 881 3624 omnibus
891 3587 923 3626 ex
935 3571 1000 3626 locis
1015 3571 1155 3628 relationes

93 3683 136 3695 -·
151 3649 354 3704 Embaoedum.
371 3648 439 3712 Quia
459 3661 532 3702 tanto
547 3651 605 3704 viro
646 3665 735 3702 rerum
763 3667 917 3713 novarum,
942 3649 1155 3713 asscerdotibus

94 3744 147 3784 tsm
162 3731 223 3784 vilis
238 3747 318 3801 rogus
333 3739 480 3781 exstructus
492 3740 555 3782 emt.
647 3728 745 3800 ubique
775 3730 944 3784 collectarum
981 3729 1154 3788 confluerent.

137 3813 163 3865 3.
180 3813 348 3864 Divinum...
361 3807 507 3860 miraeum
523 3808 604 3862 ttini-
647 3807 738 3873 Quum
755 3810 851 3880 Appias
874 3809 991 3862 Claudite
1013 3814 1156 3882 moconsnl

92 3910 137 3944 me
161 3891 249 3944 ioman
272 3887 451 3950 miraculum,
467 3885 513 3940 sed
540 3907 604 3960 pru·
645 3887 771 3942 Achaiam
795 3888 962 3959 provinciam
988 3888 1155 3948 administra·

92 3969 182 4024 dentis
196 3970 248 4024 viri
261 3988 314 4022 vox
333 3981 360 4021 et
372 3970 523 4038 conjectura
534 4003 543 4032 ,
555 3968 603 4040 qui
645 3979 699 4033 ret,
726 3980 864 4040 essentque
885 3970 914 4020 in
937 3970 993 4039 ejus
1017 3973 1154 4041 provincis

92 4047 601 4123 Egyptiornmperlidiamprobenorat.
646 4047 757 4119 Delphi,
772 4059 802 4100 ut
820 4047 923 4118 imperii
938 4051 979 4102 sui
998 4069 1090 4122 cogere
1107 4072 1154 4105 an·

134 4137 161 4196 4.
173 4131 282 4183 Etcara.
292 4131 373 4182 Recte
382 4127 526 4202 apponitur
536 4149 599 4185 oon·
644 4127 753 4182 tistitem
765 4127 866 4180 oraculi
875 4126 992 4200 delphici
1003 4133 1099 4200 potuit.

91 4211 266 4268 sentientibus
278 4209 411 4282 plerisque
425 4207 503 4264 codd.
685 4211 711 4262 6.
724 4206 867 4264 Gravissimi
876 4221 961 4264 mnu.
975 4211 1042 4270 Belli
1050 4211 1152 4275 civilis,

920 4305 965 4378 6,
