3190 5122
275 515 377 584 CAP.
406 518 474 604 VI,
501 517 567 584 DE
593 515 773 584 AMORE
801 517 1102 587 CONJUGALI.
1161 519 1230 590 311

176 645 328 744 pulcrum
354 649 426 716 fieri
451 650 673 744 concupierit,
694 674 810 718 eorum
836 652 1044 738 testimonio,
1065 652 1121 746 qui
1149 652 1238 722 illam

176 757 327 823 exstincti
345 777 418 824 ossa
436 758 562 850 potioni
581 755 735 851 adspersa
755 756 874 825 bibisse
895 755 1052 826 tradunt?

232 904 265 944 2.
285 879 517 972 Hypsicratea¹
529 905 660 972 quoque
684 880 795 972 regina
815 879 1042 948 Mithridatem
1061 881 1237 976 conjugem

177 1009 273 1053 suum
290 985 404 1054 effusis
422 987 566 1054 caritatis
581 985 716 1054 habenis
729 987 873 1072 amavit,
886 1001 1023 1080 propter
1036 985 1133 1080 quc'm
1150 1013 1237 1080 prae·

177 1093 312 1184 cipuum
334 1091 448 1160 formae
467 1115 533 1160 suae
554 1091 708 1160 decorem
727 1094 761 1160 in
783 1091 933 1160 habitum
952 1092 1078 1160 virilem
1097 1119 1238 1162 conver·

178 1211 266 1284 tere,
288 1196 467 1292 voluptatis
490 1197 562 1267 loco
582 1199 707 1266 habuit.
731 1200 848 1268 Tonsis
876 1199 963 1266 enim
991 1196 1134 1292 capillis,
1152 1225 1238 1292 equo

180 1329 214 1371 se
232 1317 266 1370 et
283 1305 381 1372 amnis
400 1303 590 1390 assuefecit,
609 1328 675 1397 quo
698 1302 826 1372 facilius
848 1303 1016 1372 laboribus
1034 1319 1068 1371 et
1085 1303 1239 1396 periculis

180 1410 250 1501 ejus
271 1411 457 1495 interesset;
483 1413 563 1502 quin
591 1413 689 1478 etiam
720 1411 844 1476 victum
869 1435 888 1476 a
911 1414 972 1478 Cn.
998 1412 1157 1502 Pompeio
1181 1435 1240 1504 per

179 1515 332 1584 efferatas
351 1531 464 1610 gentes
484 1515 685 1607 fugientem,
704 1513 814 1579 animo
836 1514 958 1606 pariter
976 1527 1009 1582 et
1027 1539 1166 1608 corpore
1186 1517 1239 1583 in-

180 1620 338 1715 fatigabili
356 1635 494 1713 sequuta
515 1633 564 1686 est
582 1643 588 1684 :
604 1617 697 1708 cujus
714 1631 805 1686 tanta
829 1618 909 1687 fides
931 1643 1121 1712 asperarum
1142 1635 1240 1714 atque

179 1725 363 1794 difficilium
394 1751 504 1793 rerum
532 1723 717 1792 Mithridati
743 1727 922 1793 maximum
953 1723 1104 1794 solatium
1127 1740 1160 1794 et
1184 1727 1242 1817 ju-

181 1832 418 1900 cundissimum
445 1830 658 1898 lenimentum
681 1829 763 1916 luit3
789 1855 864 1898 cum
891 1829 991 1898 domo
1014 1833 1156 1899 enimet
1180 1857 1241 1925 pe-

124 1959 125 1962 ’
182 1938 313 2005 natibus
331 1937 443 2030 vagari
464 1962 498 2005 se
515 1936 670 2024 credidit,
685 1961 788 2004 uxore
808 1935 903 2005 simul
924 1936 1102 2005 exsulante.

239 2058 273 2127 3.
296 2061 421 2126 Verum
444 2059 522 2153 quid
538 2060 666 2144 Asiam,
684 2057 762 2154 quid
784 2059 948 2130 Barbaria
967 2061 1142 2128 immensas
1163 2058 1242 2128 soli·
1338 2103 1340 2113 ·

184 2165 333 2251 tudines,
352 2165 430 2258 quid
444 2164 584 2234 latebras
599 2165 726 2234 Pontici
745 2167 834 2234 sinus
855 2179 1004 2254 scrutor,
1017 2191 1119 2259 quum
1135 2163 1241 2259 splen-

184 2271 390 2340 didissimum
403 2274 503 2342 totius
516 2273 650 2342 Graeciae
664 2271 764 2340 decus
775 2271 993 2341 Lacedaemon
1003 2270 1023 2357 ²,
1039 2273 1239 2365 praecipuum

185 2379 308 2446 uxoriae
327 2377 404 2445 fidei
424 2381 589 2473 specimen
607 2381 735 2446 tanturn
751 2403 818 2445 non
835 2379 955 2446 nostris
969 2391 1110 2445 ostentet
1124 2375 1243 2462 oculiS,

186 2483 334 2577 plurimis
353 2498 386 2552 ct
396 2486 544 2553 maximis
561 2485 673 2578 patriae
689 2509 755 2553 suoe
769 2483 919 2552 laudibus
938 2481 1153 2552 admiratione
1165 2483 1244 2552 facti

186 2591 443 2684 comparandum
455 2590 469 2658 P

239 2682 391 2791 Minyae³,
402 2722 543 2790 quorum
558 2699 651 2792 origo
670 2722 710 2765 ex
726 2695 848 2790 inclyto
863 2695 1027 2764 sociorum
1040 2697 1167 2763 Jasonis
1184 2719 1245 2763 nu-

188 2893 314 2956 honores;
324 2906 354 2945 ut
362 2913 451 2946 sensus
459 2893 506 2946 sit:
517 2913 571 2946 non
581 2911 648 2964 opus
656 2903 696 2944 est
737 2892 788 2963 legi
802 2893 880 2944 ctiam
893 2903 1041 2956 merentur,
1054 2910 1112 2961 qua
1124 2893 1205 2944 refert
1213 2889 1247 2942 de

188 2973 218 3026 in
239 2973 418 3024 testimonium
436 2974 531 3026 amoris
550 2973 696 3024 Artemisiae
738 2972 846 3042 Aspasia
856 2971 951 3022 AElian.
965 2971 1031 3032 XII,
1052 2988 1075 3022 1.

189 3071 250 3121 erga
265 3053 388 3104 maritum
399 3053 554 3123 conquirere
568 3053 697 3112 bonores,
775 3048 1166 3102 a.l.ucedaemon.Subactisenim
1172 3047 1249 3100 Athe·

191 3130 359 3200 quibuscum
373 3131 473 3193 affecit,
488 3144 537 3184 etc.
549 3163 589 3173 -
603 3132 654 3200 Qui
667 3132 697 3180 il·
740 3130 874 3182 niensihus
888 3127 1009 3199 Spartani
1021 3128 1129 3180 luerunt
1141 3127 1248 3180 Graeco·

192 3207 385 3261 lum....tmduat.
398 3209 490 3262 Suidas
501 3211 615 3280 phthisi,
627 3210 699 3263 Cice·
741 3227 801 3260 rum
813 3209 952 3278 principes.
963 3237 1002 3248 -
1013 3208 1116 3258 Tantum
1127 3225 1182 3257 iton.
1197 3207 1250 3258 Ex·

192 3307 224 3340 ro
237 3307 346 3342 maerore
355 3285 461 3340 tandem
469 3307 526 3340 eam
536 3290 699 3342 contabuisse
742 3289 837 3360 punxit
862 3287 969 3358 Pighius
993 3303 1000 3338 :
1024 3305 1117 3338 verum
1141 3285 1251 3338 minime

192 3380 309 3422 narrent.
743 3369 832 3420 otiosae
847 3381 907 3420 sunt
921 3367 977 3418 istae
993 3366 1100 3418 voculae.
1116 3365 1177 3416 Nou
1192 3365 1250 3416 vult

239 3465 261 3498 1.
274 3447 443 3518 Hypsicratea.
451 3447 500 3499 An.
510 3447 544 3499 U.
556 3449 621 3516 687.
630 3445 701 3498 Vide
744 3447 877 3508 Valerius,
891 3444 1105 3499 Lacedaemonem
1116 3442 1178 3496 fidei
1190 3463 1253 3495 uxo·

194 3527 265 3578 Plut.
289 3527 316 3576 in
339 3525 479 3596 Pompeio,
495 3527 540 3598 qui
561 3527 701 3597 Hypsicra·
744 3529 789 3579 riae
805 3528 935 3598 specimen
950 3525 1032 3577 oculis
1050 3524 1146 3576 nostris
1161 3540 1252 3574 revera

195 3619 277 3669 team,
292 3624 345 3656 non
361 3608 510 3676 conjugem,
525 3604 570 3658 sed
583 3605 703 3677 pellicem
745 3620 887 3670 ostentare;
906 3603 951 3656 sed
966 3616 1056 3654 toruum
1071 3622 1133 3664 non,
1155 3601 1183 3654 id
1199 3614 1251 3667 est,

194 3683 359 3737 Mithridatis
374 3685 451 3736 luisse
468 3686 566 3736 scribit.
585 3687 703 3756 Hysicra-
741 3689 795 3751 sere
810 3685 836 3737 id
854 3688 946 3736 lacere.
959 3681 1207 3752 Hypotyposis'est‚
1223 3693 1254 3732 ut

196 3776 247 3824 rea,
266 3765 429 3834 Hipsicretec,
455 3765 595 3832 Ispicratea‚
618 3765 703 3833 Ilipsi-
747 3765 856 3834 perinde
872 3765 921 3827 sit,
937 3780 966 3813 ac
982 3761 1004 3812 si
1019 3761 1101 3813 oculis
1114 3779 1251 3832 usurpare·

197 3848 286 3901 tracia,
304 3843 412 3914 aliisque
421 3843 573 3894 horninibus
586 3843 704 3913 complu·
747 3862 815 3894 mus.

195 3923 269 3975 ribus
289 3924 430 3992 insignitur
443 3923 470 3974 in
487 3921 564 3974 codd.
578 3922 651 3974 MSS.
666 3923 705 3973 Ex
791 3917 988 3991 taliaroeNid.
998 3917 1256 3980 Herodot.IV,146.

195 4002 267 4056 Plut.
290 4021 387 4054 nomen
409 4003 579 4054 restituimus.
602 4033 642 4043 -
659 4003 706 4068 Es·
750 4001 856 4072 Miayae,
879 3999 1012 4069 epopulo
1032 3997 1184 4061 Thessalia,
1204 4016 1257 4048 una

190 4083 256 4148 susis
269 4086 377 4133 caritatis
387 4083 492 4134 habenis.
510 4083 573 4133 Late
585 4101 612 4132 se
622 4093 708 4132 exten·
751 4097 811 4131 cum
824 4080 840 4130 J
843 4097 920 4130 asoue
934 4091 960 4130 et
976 4077 1132 4147 Argonautis
1151 4077 1178 4128 in
1195 4077 1257 4130 Col-

196 4159 275 4214 dente
291 4163 406 4216 caritate.
429 4164 468 4214 De
484 4161 606 4213 muliebri
618 4178 707 4212 amore
752 4159 815 4211 chcs
829 4157 994 4228 astrigeram,
1008 4155 1042 4208 ad
1055 4175 1164 4209 aureum
1176 4157 1259 4210 vellus

1009 4252 1076 4332 wi
