3196 5122
218 513 321 582 cnr.
349 514 417 598 ιν,
438 513 505 581 ns
533 479 725 582 numiui
754 511 892 583 uoco
919 513 1073 584 usrrs.
1131 513 1205 587 223

138 645 200 714 nisi
219 645 318 714 etiam
336 645 375 714 L
393 641 560 714 AEmilium
579 642 731 713 Paullum
746 643 891 714 dedisset
906 643 1080 741 collegam.
1099 649 1207 742 Atque

137 753 183 822 ita
198 775 233 822 se
255 753 289 820 in
308 751 377 846 ejus
392 753 500 820 sinum
518 751 653 840 infudit,
670 765 710 819 nt
727 775 830 845 quum
849 751 938 846 apud
957 754 1089 822 Cannas
1108 753 1206 850 culpa

138 883 198 928 sua
218 860 304 928 vires
318 857 433 954 populi
452 883 534 928 rom.
554 857 774 945 exhausisset,
793 856 962 946 Paullum,
979 861 1036 953 qui
1054 859 1205 954 praelium

137 965 346 1035 committere
359 963 525 1052 noluerat,
539 963 707 1034 occidere¹
728 977 917 1060 pateretur;
933 963 1026 1034 illum
1040 967 1073 1034 in
1087 967 1205 1038 urbem

137 1072 338 1142 incolumem
352 1072 533 1142 reduceret.
547 1072 639 1160 Quin
654 1073 754 1140 etiam
767 1085 919 1142 senatum
934 1074 1055 1166 gratias
1069 1075 1098 1140 ei
1110 1097 1205 1169 agen·

138 1192 225 1266 tem,
247 1177 336 1273 quod
355 1177 461 1246 redire
482 1177 655 1266 voluisset,
676 1191 753 1246 ante
774 1193 886 1272 portas
906 1177 1035 1266 eduxit,
1062 1180 1203 1252 extudit·

137 1283 473 1380 que²,utgravissimae
483 1282 584 1354 cladis
594 1285 721 1372 auctori
730 1283 1000 1354 etiamdictatura
1008 1285 1202 1356 deferretur.

196 1407 228 1481 5.
248 1413 326 1482 Non
343 1435 466 1505 pervus
481 1407 671 1478 consulatus
688 1409 793 1478 rubor
806 1409 854 1478 M.
874 1411 1041 1504 Perperna
1048 1393 1072 1498 ³,
1090 1424 1206 1506 utpote

137 1519 195 1612 qui
216 1516 331 1586 consul
355 1531 550 1610 antequam
571 1516 670 1604 civis;
693 1515 750 1584 sed
768 1517 802 1584 in
820 1513 907 1586 hello
926 1515 1073 1611 gerendo
1094 1515 1205 1586 utilior

138 1623 306 1718 aliquanto
333 1621 522 1717 reipublice
541 1625 694 1692 Varrone
721 1624 930 1717 imperatore.
962 1623 1088 1717 Regem
1117 1626 1205 1692 enim

137 1731 363 1800 Aristonicum
384 1730 489 1824 cepit,
507 1729 754 1824 Crassianaeque
777 1731 893 1822 stragis
911 1731 1047 1824 punitor
1065 1731 1204 1800 exstitit:

138 1843 244 1931 quum
265 1835 414 1920 interim,
436 1833 530 1926 cujus
550 1835 618 1902 vita
637 1821 887 1929 triumphavit⁴,
910 1859 999 1904 mors
1014 1837 1116 1931 Pupia
1134 1835 1207 1931 lege

141 2035 230 2090 denas
242 2035 270 2088 in
281 2023 387 2104 &praru
397 2033 477 2086 flebat
484 2034 567 2095 solito,
580 2031 653 2104 quod
739 2039 765 2096 4.
784 2033 957 2104 Triumphauit.
977 2035 1093 2106 Respicit
1107 2037 1208 2091 hellum

141 2115 245 2168 librarii
258 2114 286 2166 iu
299 2115 370 2166 solito
384 2125 537 2179 mutarunt,
551 2114 654 2185 etquis
697 2113 792 2176 κηὶΙε,
809 2131 824 2164 a
839 2113 973 2186 Perperna
987 2117 1156 2180 confectum,
1172 2120 1208 2172 oh

142 2207 209 2247 tunc
227 2195 338 2248 rerhmn
356 2192 464 2266 aliquod
479 2191 654 2248 deesseride·
697 2189 770 2264 quod
794 2193 845 2245 luit
865 2197 974 2246 ossdeae
992 2207 1149 2264 contentus,
1172 2215 1207 2251 ne

142 2277 236 2338 batur,
250 2271 411 2328 addiderunt
423 2276 558 2346 mquiaarh
573 2291 604 2326 ao
616 2273 654 2326 sio
697 2271 852 2343 dignitatem
872 2274 986 2344 trimphi
1005 2275 1094 2328 servili
1118 2277 1210 2331 inseri.

141 2351 252 2407 tandem
270 2354 299 2406 in
319 2354 409 2426 plum
426 2351 505 2406 codd.
527 2354 600 2406 venit
615 2357 654 2405 ie·
696 2353 789 2424 ptione
809 2352 928 2406 violaret.
952 2351 1022 2407 Flor.
1038 2355 1092 2419 111,
1112 2372 1163 2426 19,
1180 2359 1207 2412 8.

140 2433 387 2505 procuratrices.
404 2433 474 2486 iufra
485 2433 521 2497 V,
538 2440 571 2496 4,
586 2451 613 2502 7.
696 2435 731 2484 At
747 2431 870 2484 Valerius
890 2449 966 2486 more
987 2451 1035 2486 suo
1057 2447 1207 2507 exaggeret,

187 2531 211 2567 1.
228 2513 351 2566 Occidere.
368 2513 541 2565 Occaruhere.
696 2511 915 2585 triumphumque
935 2514 1063 2568 nominat.
1091 2516 1131 2568 De
1149 2519 1208 2570 Ari·

185 2612 211 2646 a.
224 2593 384 2665 Ertudisqse.
399 2592 542 2663 Expressit.
555 2591 653 2644 Trans·
696 2591 799 2644 stonico
820 2593 892 2644 enim
911 2609 1050 2664 nunquam
1073 2595 1207 2668 Perperna

141 2673 332 2740 lstiosfshris,
345 2673 504 2744 quiierruns
512 2669 653 2736 cudentes,
696 2671 884 2744 triumphavit,
907 2671 954 2725 sed
973 2673 1053 2744 paulo
1073 2689 1134 2745 post
1157 2675 1206 2729 de·

142 2754 254 2824 alicujus
276 2753 446 2806 instrumenti
470 2753 583 2806 sormam
609 2769 655 2806 ex·
696 2751 796 2804 victum
818 2752 997 2804 Aristonicum
1024 2767 1143 2807 mortuns
1168 2769 1208 2809 est

141 2834 464 2906 primunt-Dictaeum.
473 2833 561 2897 Quaen
568 2844 655 2884 tameo
697 2831 827 2901 Pergami.
839 2861 879 2874 --
893 2831 973 2902 Papia
983 2831 1043 2900 legs.
1055 2832 1116 2885 Sive
1126 2834 1208 2888 histo·

140 2913 276 2984 suscipere
293 2931 349 2966 uou
366 2911 500 2966 sustinuit.
514 2909 586 2964 Vide
602 2911 654 2970 lv,
698 2909 743 2961 rire
767 2909 868 2964 inscitia
887 2910 942 2962 sire
966 2910 1052 2980 lapsus
1073 2916 1208 2968 memorie

144 2995 177 3060 ς,
196 3011 220 3046 2,
699 2987 855 3042 tribuendus
877 2989 986 3043 Valerio
1007 2989 1093 3043 videri
1116 2994 1206 3062 possit.

187 3073 214 3126 3.
237 3071 277 3124 M.
300 3073 431 3141 Perperna.
454 3073 506 3124 An.
528 3069 562 3124 U.
587 3071 654 3125 dai.
698 3069 750 3120 Lea
764 3068 835 3122 enim
848 3069 929 3139 Papsh
941 3067 975 3122 de
986 3071 1131 3142 peregrinis
1144 3075 1209 3127 urhe

140 3153 241 3207 lustin.
254 3150 546 3218 xxxvt3vettei.11;
561 3149 657 3204 Strabo
699 3146 827 3219 pellendis
841 3165 883 3200 an.
899 3149 934 3202 U.
956 3150 1012 3204 688
1028 3141 1141 3202 'demum
1156 3153 1208 3206 lata

141 3233 225 3286 xlv,
240 3231 374 3300 Perperna
395 3243 425 3282 ut
444 3230 540 3302 hospes
560 3243 587 3283 st
608 3247 656 3302 pe·
698 3228 762 3290 tuit,
787 3239 817 3280 ut
833 3247 866 3282 ex
880 3227 898 3281 l.
916 3229 1012 3282 XXIII
1032 3230 1125 3283 Dionis
1143 3251 1207 3286 con·

141 3311 269 3382 regrinus
283 3309 311 3360 in
322 3311 415 3362 urhcm
428 3322 544 3363 venerat.
554 3307 657 3362 Deinde
698 3321 765 3374 stut;
779 3307 923 3380 eademque
940 3307 974 3361 ad
991 3310 1144 3381 peregrinos
1158 3313 1207 3365 lte-

140 3409 231 3464 quum
250 3407 278 3441 se
291 3389 470 3459 gratiosiorem
483 3389 604 3460 patribus
619 3389 656 3442 le·
698 3388 761 3442 lium
774 3389 917 3442 incolentes
928 3407 983 3442 non
994 3389 1132 3460 pertinuit.
1145 3391 1207 3445 Per·

141 3472 224 3526 cisset
232 3486 390 3539 magnasque
397 3485 460 3538 opes
468 3481 656 3540 comparasset,
699 3485 788 3539 pernas
798 3481 872 3540 pater
885 3481 972 3521 eutem
985 3469 1089 3540 integro
1100 3470 1155 3524 iere
1169 3491 1207 3526 se·

142 3571 180 3606 eo
196 3547 323 3622 processit
335 3567 391 3611 res,
403 3560 446 3612 ut,
457 3566 540 3619 quum
551 3549 657 3601 comitis
699 3548 759 3601 culo
768 3567 826 3602 eam
831 3549 916 3620 legem
923 3549 1067 3610 antecessit,
1076 3567 1167 3621 eaque,
1176 3565 1206 3605 ut

142 3631 323 3692 haberentur,
338 3625 446 3681 cuderet
459 3640 550 3699 petere
564 3645 658 3682 oonsu-
699 3625 933 3700 peregrinus,ledi
940 3627 1015 3680 nullo
1021 3627 1102 3681 modo
1108 3633 1204 3702 potuit.

140 3713 245 3776 letum,
259 3725 339 3779 quern
352 3707 430 3760 etium
444 3708 656 3760 obtinuitvicto
699 3707 815 3778 Conjieit
828 3709 908 3778 igitur
917 3707 1024 3778 Pighius
1035 3727 1130 3762 nomen
1143 3712 1206 3784 legis

144 3788 312 3852 Aristonico,
325 3787 500 3859 quoinbello
512 3789 598 3842 Crassi
608 3807 656 3858 per
698 3800 868 3860 corruptum,
891 3803 994 3860 proque
1014 3789 1093 3859 Papia
1117 3791 1206 3862 legen.

143 3867 256 3924 insidias
276 3869 416 3940 intercepti
437 3880 550 3921 mortem
563 3881 602 3920 eet
615 3868 656 3920 ul·
699 3865 763 3918 dum
787 3883 842 3920 esse
861 3867 949 3932 lunia,
974 3865 1047 3938 quod
1072 3887 1104 3920 ex
1130 3871 1206 3926 Festo

145 3963 204 4015 nu,
219 3948 304 4002 socius
318 3947 429 4001 Sertorii
443 3949 501 4001 luit.
515 3947 656 4020 Pompeius
699 3960 813 4009 constet,
840 3945 878 4000 Μ.
899 3947 1011 3999 Juuium
1032 3947 1152 4002 Pennunr
1174 3951 1208 4008 de

145 4041 236 4082 sutem
254 4026 358 4082 insidiis
378 4027 418 4082 illi
439 4028 546 4082 structis
565 4028 656 4084 vivum
698 4027 844 4098 peregrinis
854 4027 922 4079 urhe
930 4026 1059 4098 pellendis
1069 4028 1153 4101 legem
1164 4045 1206 4086 tu·

145 4109 233 4181 cepit,
244 4122 272 4162 et
282 4120 384 4166 eurusu
394 4109 497 4163 hostem
513 4108 603 4180 patris
614 4109 656 4160 iu·
697 4107 758 4160 lisse
771 4109 820 4159 An.
831 4107 865 4158 U.
879 4110 944 4178 627.
960 4111 993 4160 At
1006 4107 1128 4180 Sigonius
1140 4109 1206 4166 duas

144 4187 232 4242 terfloi
242 4190 325 4260 jussit.
698 4187 767 4256 leges
783 4187 877 4260 Papias
894 4187 973 4242 luisse
988 4186 1079 4254 docet,
1093 4207 1206 4259 qrmrura
