3168 5124
372 500 448 590 430
557 499 786 570 VALERII
816 497 1026 566 MAXIMI
1057 497 1154 566 LIB.
1188 497 1256 566 vl.

370 633 583 730 lbqueretur,
598 632 780 725 amicique,
795 653 838 698 ne
850 629 882 698 id
899 629 1043 717 faceret,
1057 643 1254 736 monerent:
1271 627 1361 698 datas
1374 655 1444 717 res,

369 765 451 838 quoe
469 737 659 810 bominibus
674 741 903 807 mnorissa’rnae
919 736 1130 823 vitiarentur,
1147 759 1312 830 magnam
1327 736 1395 807 sibi
1404 739 1444 807 li-

371 853 519 920 centiom
533 845 692 944 proebere
709 843 899 940 respondit,
916 860 1122 914 senectutem
1140 859 1174 913 et
1190 842 1382 914 orbitatem.

414 1073 511 1140 QUAE
531 1072 683 1126 LIBERE
703 1071 832 1126 ulcTa
852 1070 935 1124 AUT
956 1069 1091 1124 FACTA
1112 1069 1162 1124 ΑΒ
1182 1071 1400 1127 EXTERNIS.

431 1268 461 1314 1.
484 1245 606 1312 Inserit
624 1266 659 1312 se
680 1245 782 1314 tantis
799 1243 879 1312 viris
898 1240 1039 1312 mulier¹
1059 1240 1235 1338 alienigeni
1252 1245 1446 1338 sanguinis,

371 1375 445 1448 quae
457 1349 638 1445 aPhilippo
655 1374 733 1444 rege
750 1348 933 1420 temulento
950 1352 1164 1418 immerenter
1180 1348 1355 1438 damnata,
1366 1355 1446 1420 Pro

372 1481 528 1529 vocarem
543 1456 596 1526 ad
608 1457 821 1552 Philippum,
831 1457 956 1550 inquit,
969 1455 1035 1524 sed
1043 1455 1212 1526 sobrium:
1226 1459 1371 1528 excussit
1381 1481 1447 1528 cra

375 1565 490 1660 pulam
504 1563 679 1648 oscitanti,
700 1587 739 1631 ac
754 1563 928 1657 prasentia
943 1563 1045 1631 animi
1064 1561 1213 1632 ebrium²
1233 1565 1444 1658 resipiscere,

372 1695 537 1766 causaque
559 1668 748 1764 diligentius
772 1670 921 1762 inspecta
941 1669 1115 1762 justiorem
1138 1672 1334 1740 sententiam
1361 1671 1447 1740 ferre

373 1780 501 1873 coegit:
519 1777 620 1871 igitur
637 1776 847 1870 aequitatem,
865 1799 964 1870 quam
984 1777 1162 1870 impetrare
1181 1802 1250 1846 non
1267 1791 1446 1872 potuerat,

373 1885 532 1967 extorsit;
551 1882 660 1978 potius
678 1880 868 1977 praesidium
881 1907 901 1950 a
916 1880 1088 1970 libertate,
1106 1907 1206 1978 quam
1221 1883 1264 1952 ab
1281 1886 1447 1954 innocen·

373 1993 440 2080 tia,
459 2003 610 2060 mutuata
622 1975 643 2057 ³.

430 2123 463 2168 a.
481 2100 557 2166 lam
571 2095 626 2166 illa
638 2121 704 2164 non
721 2092 828 2164 solum
844 2093 956 2182 sortis,
971 2093 1028 2164 sed
1043 2097 1142 2166 etiam
1156 2093 1285 2164 urbana
1302 2094 1447 2168 libertas

373 2204 560 2274 Senectutis
575 2199 698 2272 ultimae
713 2201 884 2296 quaedam,
898 2201 1112 2295 Syracusanis
1125 2189 1137 2233 ⁴
1152 2203 1308 2272 omnibus
1324 2206 1449 2300 Diony·

374 2313 413 2380 sii
426 2311 558 2405 tyranni
570 2312 712 2395 exitum,
731 2321 869 2403 propter
887 2297 1024 2380 nimiam
1033 2334 1165 2378 morum
1182 2309 1400 2380 acerbitatem
1414 2327 1449 2380 et

374 2414 595 2486 intolerabilia
612 2439 734 2502 onera,
751 2417 837 2484 votis
855 2415 1106 2509 expetentibus,
1126 2413 1194 2486 sola
1209 2416 1359 2510 quotidie
1377 2443 1446 2487 ma·

373 2524 483 2591 tutino
501 2536 651 2616 tempore
666 2523 777 2606 Deos,
791 2534 829 2588 ut
843 2521 1017 2590 incolumis
1031 2545 1072 2591 ao
1088 2521 1148 2592 sibi
1164 2538 1331 2618 superstes
1345 2540 1445 2612 esset,

374 2629 501 2698 orabat
518 2626 626 2718 Quod·
638 2627 695 2696 ubi
708 2628 736 2696 is
751 2627 926 2723 cognovit,
940 2653 1008 2698 non
1025 2628 1171 2699 debitam
1186 2630 1248 2699 sibi
1264 2629 1442 2701 admiratus

373 2733 661 2818 benevolentiam,
677 2736 813 2804 arcessit
833 2758 925 2822 eam,
944 2751 996 2820 et,
1015 2737 1102 2831 quid
1115 2741 1167 2806 tta
1185 2737 1252 2806 hoc
1260 2791 1271 2824 ‚
1288 2753 1350 2806 arat
1366 2763 1436 2830 quo

372 2867 436 2912 suo
456 2847 576 2912 merito
581 2840 744 2935 faceret,
765 2843 1004 2938 interrogavit3
1026 2857 1097 2914 tuni
1119 2841 1196 2932 illa,
1218 2873 1236 2908 α
1248 2847 1342 2914 Certa
1362 2859 1435 2930 eet,

372 2949 495 3043 inquit,
511 2950 594 3018 ratio
612 2949 772 3044 propositi
785 2951 868 3018 mei:
882 2947 992 3052 puella
1006 2951 1111 3038 enim,
1126 2975 1229 3045 quum
1245 2975 1378 3047 gravem
1391 2966 1441 3046 ty-

374 3079 516 3124 rannum
534 3055 751 3142 haberemus,
767 3079 881 3150 carere
896 3081 936 3125 eo
954 3057 1128 3150 cupiebam
1144 3085 1153 3142 ς
1168 3083 1236 3152 quo
1252 3059 1446 3148 interiecto,

374 3159 544 3258 aliquanto
562 3163 679 3230 tetrior
692 3186 804 3232 arcem
824 3164 1018 3258 occupavit;
1038 3164 1108 3258 ejus
1150 3189 1261 3260 uoque
1278 3164 1367 3234 liniri
1386 3164 1444 3235 do·

374 3269 590 3338 minationem
610 3269 722 3363 magni
740 3269 962 3339 aestimabam:
986 3272 1122 3340 tertium
1165 3287 1198 3342 te
1217 3272 1445 3368 superioribus

304 3511 309 3521 .
374 3487 436 3523 nam
449 3469 506 3523 bne
519 3481 581 3541 post
599 3482 720 3541 tempora
734 3469 887 3522 uiuacita-
973 3469 1002 3524 ³.
1018 3471 1142 3526 Maura.
1159 3473 1263 3545 Nempe
1278 3474 1388 3530 mulie.
1402 3474 1446 3530 Sic

374 3560 418 3602 tus
433 3547 529 3602 dixbse
545 3547 665 3602 videtur:
682 3549 836 3620 siparribiu,
853 3547 888 3602 de
930 3562 1002 3604 recte
1017 3551 1221 3624 Pigb.Uterque
1234 3554 1335 3610 ama.
1348 3557 1445 3628 Copes.

374 3639 467 3682 senatu
482 3647 568 3682 sermo
593 3641 648 3694 est,
669 3626 741 3682 uude
760 3642 886 3701 apparet,
931 3642 958 3684 et
966 3643 1067 3704 septem
1076 3632 1204 3688 Torrenii
1213 3649 1360 3699 mm,
1372 3633 1446 3690 atad

373 3709 458 3781 Lipsii
466 3711 617 3780 conjectura
627 3709 739 3780 potibus
751 3727 808 3762 nou
819 3727 887 3782 opio
930 3710 1083 3782 presidium
1098 3713 1238 3768 referatur.

374 3806 438 3842 m.
972 3798 999 3855 4.
1011 3793 1240 3864 drmmaaisAEd.
1253 3807 1305 3848 vet.
1319 3815 1446 3850 camon·

418 3887 442 3922 r.
456 3866 700 3923 attaminatus.
709 3869 839 3941 apophth.
929 3871 1009 3926 nibus
1019 3872 1077 3927 aliis
1086 3886 1112 3928 et
1126 3872 1253 3928 tredecim
1262 3875 1356 3942 MSS„
1369 3877 1447 3948 Syn·

415 3967 441 4000 a.
452 3948 555 4002 Εὐνίκη
566 3953 708 4021 resipiscere.
723 3949 832 4002 Femina
839 3950 885 4004 illa
929 3953 1005 4014 cusis,
1023 3951 1096 4023 quod
1118 3973 1173 4008 nou
1187 3954 1348 4010 mumdum
1363 3958 1446 4012 finan

374 4024 483 4082 audacia
493 4047 540 4082 sua
551 4049 581 4083 ac
589 4031 726 4101 presentia
734 4031 815 4084 animi
824 4031 886 4085 eiia-
928 4029 1075 4086 Torreuius
1087 4047 1184 4090 censet.

374 4105 424 4168 cit,
438 4119 468 4158 ut
481 4105 620 4180 Philippus
631 4111 769 4180 justiorem
784 4123 888 4166 sentem
971 4113 997 4166 5.
1019 4113 1132 4168 Tertium.
1154 4115 1220 4170 Tres
1236 4117 1345 4188 tyranni
1363 4117 1444 4171 foisse

373 4185 436 4238 tiam
448 4185 535 4238 ferret.
930 4189 1054 4246 videntur
1067 4194 1135 4248 Gelo
1149 4207 1176 4248 et
1195 4209 1307 4268 uterque
1330 4198 1442 4268 Dionys.
