3168 5124
292 485 399 554 unp.
427 484 512 568 111,
540 481 609 550 on
637 479 978 550 severimus.
1099 483 1168 570 431

97 619 378 714 importuniorem
390 615 515 686 habere
524 615 684 709 coepimus
694 602 875 697 rectorem3
890 615 1001 708 itaque
1009 604 1174 708 [timens¹]

97 753 152 815 ne,
167 728 195 797 si
213 741 250 796 tu
263 724 366 794 fueris
385 723 603 816 absumptus,
619 719 764 790 deterior
780 719 939 790 inlocum
957 735 1052 792 tuum
1068 749 1177 794 succe·

97 833 277 928 dat‚caput
297 856 410 904 meum
429 817 492 925 ¹pro
512 844 568 898 tua
585 827 690 897 salute
709 827 871 898 devoveo.
888 857 906 894 s
930 829 1012 898 Tam
1032 829 1173 902 facetam

97 940 273 1012 audaciam
295 939 476 1032 Dionysius
492 935 611 1032 punire
628 934 771 1004 erubuit.

153 1044 186 1116 3.
208 1050 302 1116 Inter
320 1042 401 1115 has²
424 1059 458 1114 et
475 1041 691 1112 Theodorum
711 1065 899 1135 cyrenaeum
922 1043 1016 1136 quasi
1034 1045 1173 1115 animosi

96 1155 233 1248 spiritus
249 1153 440 1247 conjugium
455 1175 526 1220 esse
542 1151 667 1245 potuit,
681 1150 805 1218 virtute
818 1172 897 1243 par,
911 1146 1066 1218 felicitate
1078 1150 1173 1224 dissi·

95 1259 194 1328 mile:
207 1263 233 1330 is
245 1262 334 1328 enim
345 1258 545 1353 Lysimacho
558 1259 629 1352 regi
640 1269 782 1324 mortem
793 1255 854 1324 sibi
864 1255 1045 1343 minitanti,
1058 1259 1173 1329 Enim·

94 1393 173 1436 vero
181 1421 192 1454 ,
212 1369 337 1462 inquit,
355 1364 545 1461 magnfica
562 1387 616 1432 res
635 1361 699 1432 tibi
714 1368 874 1457 contigit,
891 1367 976 1457 quia
991 1363 1171 1436 canthari·-

93 1459 238 1544 dc‘s'vz'm
250 1489 455 1568 assequutus
465 1495 521 1558 es;
537 1493 706 1564 quumque
715 1469 780 1540 hoc
795 1468 884 1540 dicto
898 1493 1069 1557 accensus,
1080 1473 1172 1541 cruci

94 1604 173 1650 eum
191 1580 303 1675 suffigi
322 1579 489 1673 jussisset,
518 1575 689 1646 Terribilis
708 1577 803 1664 hac,
825 1577 890 1664 ait,
900 1581 1107 1672 preparatis
1127 1583 1172 1648 sit

92 1691 185 1756 tue's:
203 1712 282 1756 mea
295 1685 433 1782 qualem
450 1685 537 1756 smil
551 1689 710 1771 interest,
727 1683 863 1754 numme
880 1707 929 1752 an
946 1683 1088 1754 sublime
1097 1709 1170 1781 pu-

92 1809 252 1864 trescam.

449 1932 685 2032 CAPUT
717 1931 810 2018 ΙΙΙ.

395 2134 443 2198 De
457 2135 615 2199 severitate
633 2133 869 2198 novenorum.

93 2310 113 2340 r.
131 2291 218 2353 Populi
229 2291 326 2336 rammi.
342 2315 373 2326 —
389 2301 411 2334 a.
426 2293 451 2336 P.
469 2289 544 2336 Mucii
560 2291 667 2336 Scaevolae
680 2287 768 2334 tribuni
781 2287 864 2349 plebis.
876 2313 907 2322 -
921 2288 943 2334 3.
957 2289 1054 2334 Senatus
1070 2289 1171 2336 nomem.

123 2397 154 2408 -
174 2381 195 2426 Ι..
209 2370 253 2416 M'.
267 2371 333 2417 Curii
344 2370 440 2416 uennti
452 2385 499 2416 cos.
512 2395 543 2405 -
559 2370 581 2416 5.
595 2371 619 2416 1.
634 2369 733 2415 Domitii
746 2367 897 2414 Ahenobarbi
910 2383 946 2428 pr.
958 2393 990 2402 -
1005 2367 1027 2414 6.
1045 2370 1079 2416 lt.
1095 2371 1169 2416 lton·

124 2452 150 2498 tii
162 2451 304 2514 Tergemini.
315 2475 346 2484 -—
357 2465 378 2508 7.
391 2451 489 2496 Senatus
500 2449 591 2496 romeni
601 2450 627 2494 in
638 2448 746 2494 incestet.
757 2473 789 2482 -
801 2448 824 2494 8.
836 2449 995 2509 cognatorum
1008 2445 1033 2492 in
1044 2447 1167 2496 ventilem.

16 2578 23 2605 Ι
122 2555 154 2566 -
170 2547 195 2592 9.
213 2530 307 2591 Egnatii
324 2529 423 2574 Metelli.
442 2553 473 2563 -
491 2545 527 2575 ro.
541 2529 566 2576 C
581 2526 679 2590 Sulpicii
694 2527 763 2574 Gelli.
774 2551 806 2562 -
820 2541 855 2573 tt.
873 2527 904 2584 Q.
922 2525 1015 2573 Antistii
1025 2526 1124 2574 Veteris.
1137 2551 1168 2562 -

126 2622 160 2654 in.
176 2613 199 2656 Ρ.
212 2609 344 2670 Sempronii
356 2607 437 2670 Sopbi.

384 2749 429 2812 De
446 2749 604 2811 severitate
620 2746 846 2810 externorum.

139 2907 158 2938 ι.
174 2889 412 2939 lacedomoniam.
425 2911 457 2923 -
472 2901 494 2932 2.
512 2885 697 2932 Atheniensium.
710 2909 740 2918 -
753 2883 776 2930 3.
788 2882 910 2942 cambysi·
920 2884 982 2946 regie
994 2886 1124 2932 Perierunt.

284 3051 339 3104 DE
364 3043 648 3101 SEVERITATE
672 3042 968 3096 ROMANOEUM.

142 3215 261 3281 Armet
278 3235 313 3278 se
331 3208 453 3277 duritia
475 3219 592 3300 pectus
614 3227 748 3271 necesse
767 3217 835 3289 est,
854 3203 933 3273 dum
956 3203 1100 3275 horridae
1124 3230 1163 3277 ac

92 3321 193 3388 tristis
209 3317 395 3389 severitatis
415 3327 489 3382 acta
509 3324 708 3394 narrantum
728 3323 766 3378 ut
780 3311 872 3378 omni
890 3311 1020 3380 mitiore
1039 3315 1163 3408 cogita·
1187 3307 1192 3318 ’

134 3539 157 3574 t.
177 3523 282 3574 Timens.
299 3517 408 3570 Timent
419 3515 493 3566 abest
507 3514 535 3566 in
547 3511 605 3582 ple·
649 3529 742 3566 necem
758 3509 791 3565 de
806 3512 955 3583 Tranquill.
973 3515 1056 3574 X1V3
1073 3513 1160 3568 Cicer.

91 3600 179 3673 risque
194 3597 310 3654 codicib.
333 3594 502 3655 Animoeius,
516 3590 606 3664 judice
650 3592 728 3644 Tusc.
744 3593 770 3656 Ι,
784 3593 837 3658 43;
847 3593 882 3658 V,
898 3600 942 3657 40.
957 3625 997 3634 -
1007 3593 1161 3665 Conjugium.

90 3680 236 3742 Torreuio.
248 3693 406 3747 responsum
419 3673 528 3738 est‚hao
541 3689 606 3725 voce
650 3671 773 3726 Societas.

91 3763 198 3813 omissa:
212 3759 275 3830 quin
284 3757 321 3810 sic
331 3753 404 3826 quod
414 3754 525 3806 iaciebat
533 3790 541 3816 ‚
550 3770 606 3804 non
692 3752 718 3806 3.
733 3751 898 3806 Cantlmn'dis.
907 3751 1048 3808 Cantheris
1059 3767 1097 3807 est
1108 3773 1163 3808 mu.

91 3841 179 3894 timori
191 3858 241 3893 suo
254 3835 402 3898 tribuebat,
413 3832 459 3888 sed
474 3832 551 3886 saluti
563 3851 608 3903 pa·
651 3850 694 3884 sce
715 3830 809 3884 viridis
831 3844 958 3885 venenata
982 3829 992 3894 (
1004 3835 1078 3903 juxta
1099 3836 1163 3890 alies

92 3921 164 3986 trie,
185 3937 236 3992 pro
258 3934 311 3988 qua
331 3933 387 3968 nou
406 3913 511 3968 dubitat
528 3924 609 3984 ceput
651 3911 1162 3983 vermisperexiguusarachutesimilis),

92 4017 168 4054 suum
181 3999 327 4058 devovere,
343 4013 389 4048 sue
403 4007 489 4048 morte
498 3995 554 4063 ejus
566 3993 608 4044 iu·
652 3993 727 4061 cujus
738 4011 830 4046 succus
843 4004 937 4063 epotus
948 4005 1063 4046 mortem
1076 3995 1162 4048 effert.

93 4079 273 4134 columitatem
283 4073 497 4130 redimereadiis
508 4084 608 4144 parata.
654 4073 710 4124 Cic.
728 4069 762 4124 ed
777 4071 832 4129 dir.
852 4073 907 4139 tx,
925 4071 1071 4138 21;0vid.
1092 4075 1164 4144 ibis,

135 4181 161 4212 n.
179 4162 242 4212 Has.
255 4162 327 4212 Duas
339 4155 471 4210 mulieres.
487 4152 552 4206 Vid.
566 4153 610 4204 Se-
654 4153 694 4217 V,
711 4153 775 4205 310.
