3168 5124
165 529 268 599 CAP.
298 523 391 611 Vll,
418 522 486 592 DE
512 521 657 590 PATR.
685 519 872 590 AMORE
899 521 955 590 IN
984 523 1076 594 LIB.
1106 523 1182 622 399

110 685 149 732 se
170 667 379 729 meretricata
401 653 581 748 cd'gnalatir
605 651 749 747 bengne
775 653 977 746 largiturum
998 653 1183 749 polliceba..

112 784 177 838 tur.
208 769 307 836 Hunc
336 775 465 856 patrem
493 761 624 830 tametsi
651 782 780 828 summa
806 757 908 828 divini
928 761 1087 857 principis
1114 763 1184 834 cle-

112 874 238 944 mentia
259 884 369 940 tutum
390 868 556 964 praestitit,
574 865 647 960 quis
666 880 777 936 tamen
797 890 865 934 non
883 865 1032 937 humano
1051 871 1185 964 ingenio

113 981 219 1074 majus
242 1001 360 1046 ausum
381 988 495 1070 putet,
509 972 617 1068 quod,
634 975 688 1042 cui
709 985 798 1044 totus
816 986 981 1042 terrarum
1000 975 1088 1046 orbis
1107 1002 1185 1048 suc·

114 1087 295 1170 coluerat,
317 1079 525 1152 noncessit?

172 1191 206 1263 3.
231 1190 297 1262 Sed
321 1190 453 1272 nescio,
475 1212 518 1256 an
548 1188 708 1256 Octavius
732 1184 874 1256 Balbus¹
900 1187 1124 1258 concitatioris
1150 1205 1185 1259 et

116 1299 313 1370 ardentioris
333 1293 534 1392 erga·filium
556 1291 793 1366 benevolentior
815 1291 924 1362 literit
943 1295 1150 1390 Proscriptus
1167 1321 1187 1365 a

117 1405 299 1474 triumviris
308 1401 332 1490 ²,
346 1426 447 1496 quum
462 1400 568 1468 domo'
584 1401 712 1494 postico
728 1397 814 1468 clam
829 1413 914 1470 essct
929 1423 1097 1494 egressus,
1108 1403 1187 1496 jam·

117 1537 182 1606 que
210 1511 298 1606 sugae
325 1507 516 1601 expeditum
545 1506 674 1576 initium
709 1502 865 1592 haberet,
894 1519 1071 1602 postquam
1099 1509 1187 1578 intus
1225 1569 1229 1578 .

118 1617 223 1688 filium
243 1614 402 1685 trucidari
422 1611 505 1682 salso
522 1611 667 1682 clamore
686 1613 815 1682 viciniae
835 1615 980 1708 accepit,
994 1616 1023 1683 ci
1041 1639 1076 1682 se
1096 1615 1189 1701 neci,

118 1749 218 1819 quani
232 1734 399 1808 evaserat,
414 1718 552 1806 obtulit,
566 1717 850 1812 occidendumque
865 1718 1023 1789 militibus
1038 1718 1189 1808 tradidit;

119 1830 224 1925 pluris
249 1827 406 1896 nimirum
432 1824 513 1894 illud
542 1839 766 1911 momentum,
790 1849 857 1919 quo
882 1823 928 1894 illi
954 1841 1075 1920 praeter
1096 1849 1188 1920 spem

120 1935 235 2002 videre
257 1931 360 2000 filium
382 1931 581 2002 incolumem
602 1934 804 2024 contigerat,
818 1955 919 2026 quam
938 1931 1076 2002 salutem
1095 1957 1189 2002 suam

122 2041 287 2110 aestimans
300 2064 307 2106 :
322 2040 459 2108 miseros
480 2037 696 2108 adolescentis
715 2036 849 2126 oculos,
867 2037 988 2132 quibus
1008 2041 1189 2110 amantissi-

123 2171 216 2216 mum
238 2146 289 2214 sui
311 2159 460 2240 patrem,
481 2146 584 2240 ipsius
604 2129 727 2239 opero³
746 2146 793 2213 sic
813 2145 1053 2239 exspirantem,
1071 2147 1191 2214 intueri

122 2277 257 2322 necesse
275 2247 355 2320 brit!

174 2464 223 2516 DE
243 2459 500 2516 EXTERNORUM
520 2459 650 2514 REGUM
672 2459 798 2512 AMORE
818 2459 866 2512 ET
886 2459 1139 2534 INDULGENTIA

548 2557 589 2610 IN
608 2557 768 2610 LIBEROS.

186 2763 214 2806 1.
239 2738 405 2804 Caeterum
424 2747 462 2802 ut
479 2732 522 2800 ad
544 2731 743 2826 jucundiora
768 2733 904 2827 cognitu
928 2735 1115 2824 veniamus,
1135 2739 1192 2807 Sc·

127 2843 212 2914 leuci
238 2843 324 2936 regis
349 2838 435 2909 filius
457 2839 640 2907 Antiochus
668 2861 821 2908 novercae
844 2840 1044 2910 Stratonices
1065 2841 1194 2916 infinito

128 2936 258 3019 trinorcl
282 2959 471 3041 correptus,
489 2969 636 3030 memor,
652 2969 751 3038 quam
771 2944 931 3038 improbis
953 2945 1079 3017 facibus
1100 2949 1194 3020 anle-

129 3071 198 3140 ret,
216 3056 354 3148 impium
375 3053 517 3147 pectoris
539 3050 660 3119 vulnus
681 3052 737 3146 pia
758 3049 1014 3121 dissimulatione
1036 3069 1195 3150 contege-

129 3163 204 3248 bat;
224 3162 334 3253 itaque
356 3159 476 3226 diversi
493 3157 633 3228 affectus
651 3155 766 3228 iisdem
788 3157 969 3228 visceribus
988 3183 1027 3230 ac
1046 3161 1197 3232 medullis

131 3265 265 3354 inclusi,
284 3287 413 3335 summa
434 3263 612 3358 cupiditas,
624 3279 658 3332 et
675 3266 818 3334 maxima
835 3267 1052 3352 verecundia,
1068 3267 1110 3335 ad
1127 3267 1198 3338 ulti·

133 3398 222 3442 mam
250 3372 362 3442 tabem
388 3394 510 3464 corpus
537 3370 607 3463 ejus
635 3371 841 3466 redegerunt.
875 3352 1012 3443 iacebat
1042 3359 1134 3470 ipse⁵
1163 3377 1196 3444 in

178 3593 202 3627 ι.
221 3575 337 3627 Octavius
351 3573 455 3626 Balbus.
466 3572 562 3625 tao.
580 3588 645 3642 7¹⁰·
690 3571 749 3626 buit
770 3569 925 3628 adversariis
944 3576 1001 3646 ejns
1020 3576 1198 3648 opprimendi.

177 3675 202 3708 a.
218 3655 365 3706 Trinacriis.
383 3651 645 3722 Augusto.Antonio
731 3659 757 3716 4.
778 3651 877 3722 Infinita
890 3673 977 3707 amore.
992 3653 1075 3708 Sicuti
1088 3653 1198 3712 dicunt:

135 3747 160 3789 et
175 3733 288 3805 Lepido.
307 3764 347 3776 -
362 3734 475 3794 Portica,
492 3730 520 3784 id
531 3743 586 3796 est,
599 3749 648 3803 per
691 3730 827 3797 infinitum
840 3731 949 3799 odium,
962 3734 1078 3802 bellum,
1091 3750 1141 3792 etc.
1158 3739 1201 3790 In·

134 3813 267 3888 posticum
286 3831 292 3866 :
314 3811 374 3877 alii,
394 3815 496 3883 postica.
512 3843 552 3854 —
573 3811 649 3864 Fauo
692 3811 784 3864 finitus
803 3831 878 3864 arnor
897 3827 936 3866 est
954 3814 1095 3870 vehemens
1112 3836 1200 3882 amor,

135 3896 239 3948 clamore
268 3895 374 3946 vicisim.
400 3893 510 3963 Pighius
531 3891 648 3962 aliique,
693 3891 781 3944 nullos
793 3892 843 3944 sibi
856 3894 983 3948 terminos
993 3895 1085 3964 Egens.
1096 3897 1200 3968 Lipsius

131 3975 327 4042 sabastianum
341 3995 355 4025 e
369 3975 469 4025 aiamim
695 3971 802 4042 conjicit
827 3972 943 4039 infrunito
966 3969 976 4035 (
985 3976 1052 4041 soa,
1079 3973 1200 4040 ticenae).

179 4057 206 4109 3.
227 4053 306 4125 Ipsius
327 4073 410 4126 opera.
433 4051 515 4118 Quasi
545 4067 649 4104 causa:
694 4052 812 4104 Frustra.
835 4083 868 4096 -
884 4052 997 4108 Facibus.
1018 4051 1086 4110 cod.
1105 4057 1200 4130 lllnaj.

137 4153 200 4188 nam
218 4154 274 4188 non
296 4133 432 4188 interemit
447 4131 518 4184 Elius
531 4144 650 4204 patrem,
694 4131 774 4204 prim.
785 4133 942 4198 societatibus.
958 4133 1036 4186 Male.

139 4212 296 4268 sedtantum
306 4215 402 4268 inscius
410 4211 577 4269 occasionem
585 4228 651 4284 pru·
737 4211 763 4264 5.
776 4211 839 4283 Ipse.
854 4211 949 4280 Aldus,
958 4214 1097 4270 &censius
1107 4215 1203 4288 aliique
