3196 5122
425 559 500 658 276
605 555 830 629 VALERII
858 555 1065 626 MAXIMI
1094 555 1189 624 LIB.
1218 555 1286 624 lv.

424 699 484 793 giro
512 693 667 790 potestati
694 691 854 788 oppositi,
882 687 1161 786 quemadmodum
1184 689 1300 757 Rornae
1327 687 1490 758 consulari

425 803 565 897 imperio
585 799 708 869 tribuni
730 797 834 894 plebis
852 813 929 868 sunt
946 797 1086 890 objecti;
1107 811 1205 890 atque
1223 791 1268 862 illi
1291 821 1376 864 uxor
1391 795 1491 866 dixis-

426 925 491 998 set,
513 907 552 978 id
566 913 675 1004 egisse
693 905 809 994 illan,
834 922 871 974 ut
873 903 968 995 filiis
989 909 1150 972 minorem
1164 917 1377 998 potestatem
1393 903 1491 972 relin-

426 1031 543 1110 queret
564 1016 798 1108 :delimamus
809 1065 820 1100 ,
845 1011 967 1106 inquit,
994 1009 1058 1080 sed
1079 1009 1330 1080 dblrnnibrem.
1358 1012 1492 1104 Optime

426 1121 583 1218 quidem:
608 1145 645 1188 ea
668 1122 756 1188 enim
775 1119 909 1188 demum
927 1131 998 1186 tuta
1019 1131 1069 1186 est
1090 1117 1253 1212 potentia,
1271 1141 1345 1211 quae
1367 1115 1491 1186 uiribus

428 1231 494 1298 suis
510 1227 645 1297 modum
661 1227 810 1322 imponit.
819 1226 1056 1320 Theopompus
1071 1225 1171 1320 igitur
1183 1222 1338 1318 legitimis
1353 1247 1491 1318 regnum

427 1335 566 1404 vinculis
579 1331 851 1428 constringendo,
865 1355 932 1428 quo
945 1331 1074 1426 longius
1088 1355 1106 1398 a
1120 1329 1250 1400 licentia
1263 1331 1417 1419 retraxit,
1431 1331 1491 1399 boc

428 1443 564 1537 propius
585 1441 627 1508 ad
648 1439 911 1510 benevolentiam
933 1440 1054 1508 civium
1077 1437 1233 1506 admovit.

483 1571 516 1642 9.
530 1545 728 1615 Antiochus'
746 1560 856 1614 autem
873 1570 892 1613 a
909 1549 947 1615 L.
968 1547 1121 1640 Scipione
1139 1543 1226 1612 ultra
1241 1547 1387 1613 Taurum
1406 1571 1503 1640 mon-v

428 1669 496 1725 tem
519 1653 647 1747 imperii
670 1649 790 1720 finibus
810 1652 1000 1738 submotus,
1020 1677 1123 1746 quum
1141 1653 1252 1724 Asiam
1272 1653 1493 1746 provinciam,

428 1761 619 1853 vicinasque
642 1759 670 1828 ei
694 1771 807 1853 gentes
829 1759 1005 1843 amisisset,
1030 1761 1150 1852 gratias
1173 1781 1271 1852 agere
1293 1755 1415 1854 populo
1437 1781 1493 1829 ro·

429 1891 528 1935 mano
548 1891 616 1935 non
638 1863 880 1934 dissimulanter
899 1863 990 1953 tulit,
1008 1865 1105 1959 quod
1117 1869 1216 1934 nimir
1234 1887 1363 1959 magna
1371 1887 1493 1962 procu-

429 1979 562 2044 ratione
572 1972 750 2058 liberatur,
768 1971 908 2041 modrbrr
921 1977 1019 2066 regni
1028 1977 1177 2041 terminis
1187 1987 1344 2040 tereretur.
1359 1973 1405 2040 Et
1419 1995 1492 2040 sanc

428 2079 508 2150 nibil
529 2095 579 2150 est
599 2096 667 2149 tam
686 2077 900 2175 praeclarum,
918 2091 976 2146 aut
989 2093 1057 2147 tam
1074 2077 1303 2173 magnificum,
1321 2077 1415 2172 quod
1428 2102 1491 2146 non

428 2187 654 2258 moderatione
677 2188 854 2280 temperari
873 2184 1044 2254 desideret.

763 2387 1017 2476 ‘CAPUT
1049 2389 1114 2475 II.

765 2573 821 2640 De
841 2572 1146 2642 reconciliatore&

430 2769 452 2802 ι,
469 2753 505 2800 Μ.
518 2749 612 2798 tunitii
628 2749 709 2811 lapidi
726 2759 750 2795 et
760 2751 794 2797 bi.
812 2751 888 2796 Fulvii
903 2751 979 2799 Flacci
995 2767 1126 2800 censorum.
1142 2777 1173 2789 -
1195 2767 1218 2801 a.
1230 2755 1264 2800 Μ.
1281 2753 1343 2801 Livii
1361 2756 1492 2804 Sd'uratorir

460 2841 484 2880 et
502 2832 528 2877 G.
547 2829 638 2878 Claudii
656 2831 755 2876 Neronia
771 2831 904 2877 consulum.
919 2859 948 2868 -
968 2833 988 2879 3.
1001 2835 1028 2879 P.
1039 2832 1142 2880 Africani
1159 2834 1253 2894 majoris
1267 2845 1292 2880 et
1309 2835 1347 2882 ri.
1365 2837 1493 2898 &aprunii

460 2911 569 2960 Gurubi.
581 2935 612 2946 -
624 2911 657 2956 M.
675 2911 702 2954 Τ.
721 2911 840 2956 Ciceronis
852 2921 875 2956 et
890 2912 916 2958 l.
928 2913 1029 2958 Gabinii.
1041 2937 1073 2948 -·-
1085 2913 1106 2960 5.
1122 2915 1148 2958 P.
1164 2913 1241 2962 Clodii
1253 2915 1350 2962 Pulchri
1365 2926 1388 2962 et
1400 2917 1426 2964 t..
1437 2917 1492 2962 Cor·

460 2991 516 3038 nelii
531 2989 632 3036 Lentuli.
642 3013 674 3024 ·-
682 2987 706 3035 6.
718 2990 743 3035 1..
756 2989 847 3035 Caninii
857 2991 932 3048 Galli,
944 3001 968 3037 et
980 2994 1005 3039 C.
1019 2992 1123 3038 Antonii.
1139 3017 1170 3028 -
1182 3008 1205 3052 7.
1217 2994 1250 3040 Μ.
1267 2995 1334 3042 Coelii
1346 2995 1414 3050 aar.
1425 3005 1450 3042 et
1463 2997 1492 3052 Q.

460 3072 573 3132 Pompeii.

484 3201 568 3286 Quas
587 3197 743 3288 quoniam
761 3195 872 3266 multis
886 3212 920 3266 et
935 3196 1030 3268 claris
1047 3199 1237 3271 auctoribus
1250 3199 1415 3272 illustrata
1430 3215 1492 3286 est,

429 3302 710 3398 transgrediamur
735 3303 777 3370 ad
804 3306 974 3398 egregium
1002 3305 1138 3374 humani
1163 3309 1264 3376 animi
1286 3308 1328 3376 ab
1351 3309 1431 3380 odio
1453 3308 1495 3376 ad

432 3497 649 3554 administrabant
666 3493 739 3548 domi
761 3497 815 3550 iere
835 3499 939 3563 omnia,
984 3511 1067 3554 motus.
1085 3501 1239 3556 Perizonius
1251 3503 1326 3558 malit
1334 3503 1428 3572 firribm
1441 3505 1495 3557 snb-

434 3599 491 3651 quae
505 3579 615 3649 alicujus
625 3578 752 3629 momenti
764 3577 791 3628 in
805 3579 940 3650 republica
984 3586 1062 3635 motis.
1072 3583 1234 3637 —Modicis
1246 3583 1346 3638 Passim
1361 3585 1495 3637 natatile·

434 3659 641 3724 essent3bellunr
652 3655 775 3729 gerendi,
786 3676 876 3728 pacem
889 3671 940 3711 sta·
983 3660 1071 3731 gitur;
1083 3659 1128 3714 sed
1143 3663 1240 3715 modicis
1252 3677 1291 3717 est
1301 3683 1404 3738 quoque
1418 3663 1493 3736 apud

433 3735 563 3800 sitiendi,
581 3739 652 3809 ipsos
671 3755 744 3810 reges
763 3737 792 3788 in
810 3757 941 3791 carcerem
985 3741 1154 3808 Ciceronem,
1174 3746 1250 3815 cujus
1265 3745 1329 3816 ipsis
1343 3744 1432 3799 verbis
1446 3763 1492 3796 au-

433 3815 609 3890 conjiciendi,
621 3815 654 3870 ad
670 3829 782 3870 mortem
797 3815 941 3872 damnandi
985 3833 1043 3873 ctor
1053 3821 1145 3875 utitur.

433 3911 547 3971 potestas
553 3917 633 3970 penes
642 3897 699 3952 illos
708 3897 937 3952 erat.UndePlato
1024 3921 1048 3954 a.
1062 3903 1102 3954 De
1112 3904 1309 3956 reconciliatione.
1320 3903 1401 3956 Multi
1414 3902 1490 3957 codd.

435 3992 462 4030 et
473 3979 626 4031 Aristoteles
638 3977 778 4050 scripsere,
794 3998 851 4032 eam
867 3994 939 4052 pote·
982 3979 1169 4036 bassecourt.
1189 3983 1392 4056 inscriptionem
1414 3983 1491 4056 hujus

435 4069 526 4110 statem
533 4056 682 4128 tyrannidis
690 4059 802 4130 speciem
813 4059 937 4130 prebere.
984 4061 1076 4133 capitis
1092 4063 1128 4116 sic
1144 4064 1327 4118 constituunt:
1342 4065 1384 4116 De
1397 4069 1438 4124 iis,
1453 4065 1491 4136 qui

480 4156 503 4188 r.
524 4137 666 4190 Antiochus.
687 4140 737 4190 An.
752 4139 787 4190 U.
807 4139 871 4202 564.
884 4139 938 4191 Cic.
984 4163 1013 4194 er
1033 4145 1133 4194 r'rrimicis
1149 4147 1232 4214 jurasti
1246 4156 1302 4195 sunt
1322 4148 1430 4196 amicitia
1451 4153 1492 4192 aut

435 4229 485 4286 pro
501 4215 587 4284 Dejot.
601 4217 941 4286 cap.13.-·Firribtusud·
984 4223 1158 4276 necessitudine.
1186 4223 1244 4276 Nisi
1270 4221 1344 4294 quod
1368 4221 1493 4278 nonnulli
