3218 5128
403 470 452 556 rs
609 466 829 536 vinnon
861 436 1068 532 unxisti
1102 461 1198 532 nin.
1233 463 1262 530 1.

401 616 451 671 cst
471 625 478 668 :
498 601 648 694 proxima
667 611 767 691 caput
784 593 955 690 jecinoris¹
979 593 1102 690 duplex
1122 593 1248 662 habuit.
1270 593 1401 683 Quibus
1420 595 1467 664 in·

401 707 521 802 spectis
541 727 682 798 aruspex
700 703 784 772 tristi
804 699 918 788 vultu,
935 724 1004 770 nou
1019 701 1164 796 placere
1178 701 1246 770 sibi
1260 717 1362 784 esta,
1382 705 1468 796 quia

394 819 514 908 prima
540 808 694 896 trunces',
717 807 869 877 secunda
894 813 994 876 smus
1015 809 1099 876 loeta
1120 814 1383 902 appams'ssent,
1409 833 1466 877 ne·

402 917 545 1014 spondit.
565 919 617 985 lta
633 916 778 985 monitus
794 915 842 982 M.
857 912 1055 1000 Marcellus,
1069 939 1113 982 ne
1129 913 1207 1008 quid
1225 929 1348 982 temere
1365 939 1465 983 conn-

402 1039 510 1112 retur,
520 1025 702 1118 insequenti
711 1035 808 1091 nocte
820 1019 1010 1115 speculandi
1022 1023 1127 1116 gratia
1138 1043 1214 1088 cum
1226 1021 1338 1115 paucis
1352 1021 1463 1116 egredi

402 1154 521 1216 ausus,
543 1153 564 1198 a
588 1127 795 1198 multitudino
816 1126 959 1196 hostium
985 1129 1019 1195 in
1040 1128 1176 1196 Bruttiis
1201 1129 1463 1214 circumventus,

402 1259 494 1330 aeque
513 1260 671 1330 magnum
687 1234 857 1322 dolorem,
873 1257 912 1304 ac
928 1231 1162 1302 detrimentum
1182 1234 1316 1328 putriae,
1330 1235 1464 1303 interitu

402 1367 462 1414 suo
483 1341 601 1412 attulit.

462 1471 517 1518 ro.
538 1451 611 1518 Iam
622 1433 633 1474 ³
645 1449 806 1520 Octavius
819 1443 934 1515 consul
946 1444 1057 1514 dirum
1077 1470 1174 1514 omen
1188 1443 1464 1540 quemadmodum

403 1555 531 1642 timuit,
551 1556 596 1624 ita
613 1555 717 1623 vitare
731 1577 798 1622 non
812 1553 929 1647 potuit
945 1554 995 1620 Ex
1008 1551 1183 1622 simulacro
1202 1555 1289 1620 enim
1304 1549 1465 1646 Apollinis

363 1719 366 1726 ,
403 1687 463 1758 per
485 1647 539 1728 se⁴
561 1661 704 1754 abrupto
719 1661 841 1754 capite,
863 1659 960 1726 etita
981 1656 1084 1728 infixo
1104 1659 1215 1746 humi,
1236 1671 1273 1726 ut
1290 1657 1384 1726 avelli
1408 1681 1464 1724 ne·

403 1770 527 1864 quirem
539 1769 642 1836 armis
654 1791 730 1836 cum
744 1763 870 1860 collega
882 1788 942 1833 suo
954 1765 1062 1832 Cinnn
1073 1763 1247 1848 dissidens,
1257 1765 1465 1858 praesumpsit

404 1877 536 1962 animo,
546 1899 587 1942 es
600 1897 636 1942 re
649 1869 827 1968 significari
839 1871 975 1940 exitium
991 1895 1087 1940 suum
1103 1896 1109 1938 :
1125 1873 1159 1938 in
1172 1856 1281 1965 quod⁵
1298 1884 1390 1939 metu
1401 1895 1464 1939 au-

446 2089 472 2124 1.
490 2069 570 2140 Caput
579 2070 701 2140 jecinoris.
720 2067 767 2119 Est
781 2083 842 2137 pers
856 2065 912 2136 ejus
956 2065 1028 2118 Bene
1042 2063 1141 2118 dicitur
1158 2081 1165 2116 :
1179 2083 1231 2116 curs
1243 2065 1323 2136 sirpus
1338 2063 1462 2126 dr'ssidere,

405 2147 571 2202 eminentior.
592 2148 672 2200 Jecur
696 2147 785 2199 subter
804 2143 912 2216 quidem
957 2145 1054 2216 etprri
1070 2145 1171 2197 ratione
1190 2163 1196 2196 :
1213 2163 1265 2196 cum
1279 2144 1360 2216 aliquo
1374 2143 1463 2196 disere·

404 2245 571 2294 concavum,
590 2245 669 2296 supro
689 2237 716 2278 et
740 2224 912 2278 exstrinsecus
952 2223 1226 2293 producentium
1242 2223 1331 2296 aliquo.

403 2308 569 2380 prominens,
577 2303 693 2357 inlihrns
700 2304 818 2374 quinque
826 2301 914 2366 (Gm
998 2303 1023 2357 ὅ.
1040 2303 1120 2374 Quod.
1138 2303 1191 2356 Pro
1203 2321 1235 2356 eo
1247 2303 1367 2374 plerique
1382 2299 1460 2355 codd.

405 2387 430 2438 ci
442 2383 526 2446 λοΰοὺς
540 2375 689 2456 appellent)
702 2381 851 2436 dissectum.
858 2383 914 2436 Ms-
955 2381 1053 2436 liabent
1067 2404 1148 2458 quem,
1159 2381 1219 2436 ideo
1230 2395 1290 2436 oum
1300 2383 1409 2435 Vorstio
1423 2381 1462 2436 le-

405 2465 462 2517 lum
479 2482 557 2517 omen
572 2475 641 2528 erat,
659 2463 681 2515 si
699 2475 778 2534 ceput
787 2461 913 2532 jecinoris
954 2481 1015 2534 gere
1022 2463 1157 2516 maluerim
1164 2466 1259 2514 exuunt.
1266 2461 1357 2533 Neque
1363 2475 1461 2526 tamen,

406 2561 461 2596 non
473 2543 646 2596 inveniretur.
654 2541 717 2596 Vid.
731 2541 818 2595 Julius
831 2541 914 2596 Obse·
955 2543 1009 2594 sise
1024 2547 1113 2594 exitum
1125 2543 1179 2596 sive
1193 2545 1290 2594 esitium
1305 2541 1387 2612 leges,
1400 2560 1461 2594 eve·

406 2643 497 2696 quens.
955 2622 1037 2674 nescit
1049 2621 1206 2687 difficultas,
1215 2640 1274 2692 qun
1287 2621 1359 2674 hunc
1371 2623 1460 2674 locum

449 2724 476 2758 s.
489 2703 594 2755 Trunca.
602 2702 654 2754 Pro
666 2713 750 2753 mesca
758 2702 843 2772 legere
853 2701 912 2772 qui-
955 2703 1059 2772 premit.
1076 2702 1196 2754 Perizon.
1213 2701 1324 2773 explicet
1334 2723 1341 2764 ς
1356 2705 1381 2753 iss
1394 2719 1460 2774 qrsem

407 2781 468 2836 dem
479 2782 707 2847 maturanensis,
725 2780 798 2852 quod
819 2779 913 2832 melius
955 2793 1038 2834 metum
1054 2785 1151 2851 augurii
1166 2785 1233 2832 istius
1255 2779 1379 2834 inciditis
1398 2782 1462 2832 tristi

407 2860 578 2935 responderet
602 2863 671 2914 teon
696 2859 748 2914 Sed
771 2873 799 2913 ct
821 2860 912 2914 Livius
948 2859 1002 2931 fisse
1016 2865 1084 2914 cita.
1098 2859 1267 2914 AtOoturins
1282 2877 1336 2912 non
1352 2858 1460 2912 demum

407 2955 500 2996 minos
512 2955 538 2995 et
549 2943 637 3014 turpis
649 2953 706 2994 exte
715 2941 827 3012 opponit
837 2940 911 2993 letis.
954 2941 982 2992 in
996 2941 1063 2993 tristi
1075 2941 1129 2994 line
1142 2942 1201 2994 vite
1214 2957 1279 3006 sure,
1290 2937 1335 3012 sed
1348 2937 1461 3010 jamdiu

408 3025 506 3076 -Am
517 3021 553 3076 U.
570 3023 635 3090 539.
646 3021 777 3074 Plumch.
794 3019 910 3074 Marcell.
954 3031 1015 3074 ente
1037 3031 1166 3074 metuerat
1194 3021 1339 3091 tugurium.
1362 3019 1461 3071 Torre-

407 3103 464 3159 Liv.
480 3102 603 3166 XXVII,
621 3105 666 3158 sd.
954 3101 1015 3152 nius
1027 3119 1034 3152 ε
1047 3105 1072 3152 in
1084 3119 1150 3172 quem
1161 3104 1249 3151 witern
1262 3111 1335 3151 metus
1347 3102 1458 3168 wgutii,

449 3179 476 3234 3.
496 3181 552 3232 Iam
567 3177 700 3232 interdum
714 3197 764 3250 pro
775 3197 856 3248 porro.
872 3209 913 3222 -
955 3191 1003 3232 etc.
1020 3178 1048 3231 id
1067 3193 1122 3245 est,
1138 3195 1217 3250 quem
1236 3189 1335 3231 metum
1358 3177 1461 3248 tugurii

410 3261 538 3320 Octavius,
560 3257 652 3311 Cinne
664 3257 762 3327 collega
776 3257 805 3308 in
818 3273 912 3310 consu·
954 3257 1026 3311 haud
1032 3277 1129 3311 renum
1137 3259 1215 3310 luisse
1224 3257 1305 3310 tristis
1311 3257 1373 3310 vitre
1380 3257 1462 3328 ipsios

407 3341 478 3404 istu,
490 3338 534 3390 cui
546 3335 713 3408 tyrannidem
727 3338 858 3390 exercenti
870 3355 913 3388 re-
955 3337 1015 3390 iinis
1021 3337 1210 3409 comprobsvit.
1218 3335 1462 3401 Sed,utrectemo·

409 3421 475 3473 stitit
483 3417 615 3472 octavius.
630 3415 669 3468 Ex
681 3415 746 3468 urbe
755 3415 845 3486 pulsus
853 3417 914 3486 qni·
955 3429 1000 3470 net
1015 3417 1102 3488 liapp.
1117 3427 1195 3470 restet
1209 3416 1405 3487 scrupulus,nn
1419 3433 1460 3467 ss·

410 3498 471 3552 dem
484 3499 585 3564 Cinns,
596 3494 642 3549 sed
654 3495 732 3548 Marii
743 3513 794 3565 ope
804 3495 830 3548 vi
841 3496 915 3548 resti·
956 3496 988 3548 tis
1003 3495 1083 3548 lstine
1098 3493 1151 3547 dici
1167 3496 1264 3566 possit:
1275 3507 1348 3548 metus
1363 3498 1462 3564 unguii

410 3590 497 3643 tutus,
513 3577 653 3630 Octavium
665 3591 716 3648 pro
731 3574 857 3628 tribnnsli
874 3593 913 3627 se·
956 3576 1075 3628 inciditis
1089 3576 1150 3626 liuns
1160 3579 1247 3626 exitum
1258 3573 1380 3644 trutifiee
1389 3579 1459 3625 vitre.

409 3655 515 3708 dentem
530 3655 704 3709 obtruncarit.
956 3652 1038 3707 Addit
1051 3655 1094 3705 vir
1106 3653 1210 3707 doctiss.
1225 3652 1338 3707 deinde:
1356 3679 1367 3701 ι
1381 3653 1462 3705 Forte

452 3742 477 3798 4.
486 3736 573 3788 Perse.
581 3737 603 3789 Ι.
614 3756 637 3789 e.
648 3753 693 3788 sus
701 3732 913 3806 sponte-Ceos
956 3733 1025 3786 viem
1036 3731 1069 3786 sd
1080 3751 1168 3786 ves-sm
1180 3733 1258 3803 liujus
1268 3733 1320 3786 loci
1332 3734 1462 3803 interpre-

411 3815 511 3882 cottega.
528 3815 579 3866 Alli
599 3815 699 3869 hebent
715 3833 739 3866 a.
753 3812 858 3865 Rectius
875 3823 914 3866 est
956 3814 1081 3866 tutionem
1096 3814 1189 3866 sternit
1202 3812 1245 3866 ed.
1261 3825 1336 3866 vous
1349 3827 1408 3884 ques
1422 3813 1460 3864 ite

411 3913 475 3953 cnm,
486 3893 753 3948 multorumrrlsitrio.
761 3887 913 3958 Credimus,
956 3893 1034 3946 lisbet
1047 3911 1053 3945 :
1065 3897 1162 3945 esitium
1173 3912 1247 3945 esum.
1262 3895 1291 3946 In
1303 3911 1369 3964 qsers
1385 3903 1461 3942 metris

412 3973 500 4024 Velsr.
517 3973 625 4024 omnino
640 3975 676 4027 sic
688 3974 832 4044 scripsisse,
846 3973 913 4026 scio·
957 3977 1095 4042 augurinus,
1108 3985 1157 4025 etc.
1173 3985 1203 4025 ut
1217 3991 1278 4043 ergo
1293 3974 1421 4024 referetur
1434 3975 1461 4022 in

411 4051 602 4114 lumver0‚cui
614 4053 681 4105 iorte
692 4053 914 4128 constructiolisso
957 4051 1226 4124 paramonarium,
1251 4065 1276 4104 et
1295 4065 1383 4105 sensns
1403 4051 1460 4102 sit:

411 4132 499 4204 ignote
519 4142 601 4196 esset,
619 4133 790 4187 mutationem
814 4133 912 4188 iecisse.
957 4131 1068 4188 Osterio
1089 4133 1244 4204 tugurium,
1267 4130 1339 4202 quod
1360 4141 1461 4183 metue·
