3190 5122
386 551 461 624 290
580 521 800 595 ιιιιιιιιιι
828 519 1036 590 nixum
1063 519 1158 590 nin.
1186 517 1251 592 iv.

384 663 440 732 riae
466 656 752 744 numerabantur3
779 678 841 724 nec
869 665 1029 748 quantum
1056 653 1130 722 auri
1153 667 1188 722 et
1212 654 1365 748 argenti,
1391 649 1450 726 sed

383 779 544 864 quantum
563 760 787 858 amplitudinis
805 759 935 855 pondus
953 783 1066 830 secum
1081 759 1197 848 ferret,
1214 759 1448 834 estimabatur.

443 875 498 958 ιΔ.
515 867 742 940 Continentia¹
762 892 843 937 vero
858 868 958 936 etiam
976 869 1011 934 in
1028 868 1190 938 universe
1207 864 1312 962 plebis
1332 869 1449 940 arumis

384 1003 610 1076 sepenumero
638 976 771 1072 cogruta
798 989 870 1060 est;
897 972 954 1044 sed
981 973 1113 1044 abunde
1139 975 1221 1061 erit,
1248 999 1290 1044 ex
1306 974 1359 1044 his
1381 975 1449 1046 duo

383 1083 534 1181 exempla
551 1083 649 1180 longe
669 1085 755 1152 inter
785 1107 820 1151 se
843 1079 1034 1150 distantium
1060 1079 1246 1152 seculorum
1273 1079 1448 1152 retulisse:

382 1193 545 1288 Pyrrhus,
572 1193 715 1286 impetus
739 1189 790 1259 sui
812 1183 956 1258 terrore²
979 1185 1103 1276 soluto,
1118 1211 1166 1257 ac
1187 1187 1256 1281 Jam
1282 1189 1448 1283 epiroticis

383 1301 482 1369 armis
502 1296 754 1393 languentibus,
782 1292 1043 1368 benevolentiam
1072 1293 1188 1390 populi
1210 1295 1340 1364 romani
1357 1320 1447 1365 rner-

384 1409 466 1492 cari,
487 1407 564 1502 quin
584 1407 740 1474 virtutem
759 1401 930 1472 debilitare
951 1403 1161 1495 nequiverat,
1182 1402 1334 1496 cupiens,
1354 1427 1450 1497 paene

383 1527 494 1582 totum
506 1512 672 1604 regiarum
686 1535 788 1601 opum
802 1521 998 1627 apparatum
1010 1509 1045 1576 in
1055 1507 1173 1576 urbem
1187 1521 1333 1578 nostram
1346 1523 1450 1579 nans·

383 1618 468 1688 tulit.
485 1618 668 1698 Caeterum,
686 1637 789 1707 quum
804 1628 838 1682 et
852 1615 963 1709 magni
983 1615 1097 1707 pretii,
1114 1627 1148 1683 et
1167 1615 1250 1683 varii
1265 1617 1407 1710 generis,
1426 1639 1450 1684 a

383 1721 539 1820 legatis
512 1745 599 1814 eJus,
617 1734 686 1790 tam
705 1721 853 1788 virorum
870 1743 969 1813 quani
986 1718 1183 1788 feminarum
1201 1736 1278 1814 apta
1290 1723 1360 1790 usui
1376 1745 1449 1790 ιιιιι·

383 1854 464 1900 nera
479 1830 569 1899 circa
588 1825 706 1896 domos
730 1825 910 1912 ferrentur,
932 1823 1022 1894 nulla
1048 1827 1203 1945 cuiquam
1222 1812 1354 1895 dono*
1344 1849 1449 1920 Janua

383 1938 507 2032 patuit;
529 1933 765 2026 tarentinaeque
788 1918 999 2027 petulantiae
1021 1935 1188 2000 animosus
1216 1935 1321 2028 magis
1348 1957 1449 2027 quam

384 2043 502 2114 efficax
513 2039 683 2128 defensor,
697 2038 787 2108 haud
805 2039 873 2108 scio
886 2039 1010 2131 majore
1028 2063 1103 2106 cum
1126 2037 1230 2132 gloria
1245 2039 1344 2132 hujus
1358 2039 1450 2110 urbis

384 2149 548 2235 moribus,
570 2171 613 2218 an
635 2147 734 2216 armis
754 2143 904 2240 repulsus
926 2145 976 2213 sit.
999 2146 1040 2213 In
1056 2142 1110 2212 illa
1125 2170 1257 2239 quoque
1275 2131 1450 2240 prebella,

384 2256 544 2352 quarnC
567 2253 693 2322 Marius
712 2255 796 2320 etL.
812 2253 921 2322 Cinna
937 2249 1124 2345 reipublicae
1146 2251 1351 2340 inflixerant,
1372 2252 1450 2322 abs-

385 2363 522 2432 tinentia
538 2356 652 2453 populi
672 2359 802 2428 romani
823 2357 960 2426 mirifica
978 2371 1156 2452 conspecta
1170 2371 1238 2445 est3
1251 2381 1329 2428 nam
1346 2383 1450 2452 quum

386 2493 406 2537 a
428 2492 462 2536 se
486 2448 770 2582 proscriptorum⁶
798 2476 934 2558 penates
958 2462 1049 2558 vulgi
1076 2463 1228 2534 manibus
1249 2464 1451 2558 diripiendos

387 2571 623 2668 abjecissent,
615 2571 755 2639 inveniri
773 2571 882 2663 potuit
895 2595 993 2638 nemo
999 2594 1082 2664 ‚qui
1074 2569 1184 2638 civili
1199 2569 1291 2639 luctu
1304 2572 1451 2665 praedam

431 2782 454 2817 1.
471 2760 637 2822 Continentia,
649 2769 699 2812 eto.
713 2757 764 2809 Αιι.
782 2755 816 2810 U.
830 2758 898 2828 473.
942 2777 980 2810 re.
995 2757 1064 2811 Hinc
1079 2759 1212 2830 proscribi
1223 2759 1293 2813 bona
1306 2759 1450 2829 dicuntur,

360 2900 364 2911 J
389 2845 424 2899 Et
445 2862 477 2896 ex
497 2841 540 2895 his
560 2851 649 2912 petet,
663 2835 801 2890 Valerium
823 2837 899 2889 absti-
942 2855 1025 2908 quum
1034 2838 1450 2909 fixispuhlieelibellie,venditio

389 2927 494 2978 nentium
504 2923 573 2974 iuter
583 2931 609 2972 et
621 2921 789 2970 contutentiam
804 2915 899 2970 discri-
943 2936 1035 2970 eorum
1054 2919 1186 2972 bonorum
1208 2919 1237 2972 iu
1255 2917 1329 2972 diem
1352 2935 1452 2974 eertum

390 3023 452 3058 men
464 3003 510 3056 vix
524 2999 699 3054 oomtitniue.
943 2995 1056 3050 edicitur
1071 3011 1097 3050 et
1112 2999 1275 3070 significatur
1290 3019 1300 3052 :
1315 3001 1380 3054 hinc
1393 3021 1452 3073 pro·

433 3104 458 3137 ι.
470 3085 574 3153 inpetres
584 3085 622 3132 sni
638 3093 733 3131 terrore.
742 3076 796 3129 Alii
806 3077 901 3129 Rome·
942 3080 1037 3147 scripti,
1060 3095 1174 3150 quorum
1192 3080 1300 3132 nornine
1315 3081 1404 3152 palan
1422 3081 1452 3133 in

390 3183 439 3218 noe
455 3163 496 3214 bin
503 3200 511 3226 ,
518 3161 563 3214 alii
574 3160 653 3213 eernel
665 3170 766 3212 tanturn
779 3157 901 3228 elephau·
943 3157 1002 3208 loro
1012 3157 1109 3228 scripte
1119 3161 1266 3217 exstabant.
1275 3172 1305 3212 ut
1314 3159 1349 3214 ad
1359 3177 1452 3214 neoeru

392 3256 481 3297 torum
497 3255 598 3294 terrore
612 3239 697 3291 vietor
708 3235 824 3289 tradunt.
942 3249 1146 3307 quererentur,
1165 3239 1276 3309 premio
1302 3239 1452 3310 percussori

433 3323 460 3376 3.
470 3323 552 3374 Dono.
565 3317 695 3372 Nonnulli
703 3317 802 3368 habent
814 3315 899 3374 domo,
943 3327 970 3368 et
984 3316 1116 3387 aupplioio
1133 3319 1288 3372 occultatori
1303 3321 1450 3390 proposito.

371 3465 374 3474 ,
391 3415 422 3455 ut
441 3399 515 3454 dedit
538 3399 669 3462 Colerua,
689 3393 736 3449 red
750 3395 847 3449 rectius
862 3407 901 3448 ert
943 3395 1012 3448 Hinc
1024 3415 1039 3448 ιι
1050 3397 1175 3451 Cornelio
1186 3399 1258 3452 Sulla
1269 3399 1311 3451 lex
1327 3400 1451 3452 Cornelia

391 3483 512 3536 alterurn.
943 3473 1061 3537 dicitur,
1082 3495 1142 3548 que
1167 3479 1345 3550 proscriptum
1365 3478 1451 3552 jurari

433 3567 459 3622 4.
476 3560 660 3628 Tarentinoeque
670 3553 820 3625 petulantie.
831 3551 900 3606 Nam
942 3556 1047 3610 vetabat
1052 3574 1147 3628 ,quem
1156 3555 1450 3612 aliianeriamdiouut.

391 3637 495 3716 direpta
513 3639 593 3690 classe
606 3633 796 3706 atqueviolutie
809 3633 901 3704 legatie
943 3667 984 3680 -
1004 3635 1116 3690 Pe.notes
1133 3637 1267 3704 Velleius,
1279 3639 1338 3692 loeo
1351 3639 1451 3702 citato,

396 3711 524 3770 Tarentini
538 3719 719 3770 Romanorum
738 3731 810 3766 erma
829 3713 857 3764 iu
873 3731 901 3766 re
944 3715 1069 3768 tonacnis
1078 3677 1386 3789 romani-Adjeeirsent.
1396 3717 1451 3770 niti

391 3799 544 3852 excitarant.
943 3794 1034 3866 legunt
1048 3795 1200 3866 objecissent,
1218 3816 1298 3870 quam
1310 3797 1451 3851 lectionem

435 3881 460 3932 5.
482 3876 605 3936 Procelia,
630 3887 682 3928 eto.
701 3875 750 3926 An.
773 3873 808 3925 U.
832 3874 899 3926 666.
943 3873 1234 3949 Torreniue,lieppiue
1249 3891 1275 3930 et
1284 3877 1451 3931 Helireebtua

392 3958 527 4020 Velleius,
539 3956 582 4021 11,
600 3973 646 4007 aa.
943 3953 971 4004 in
985 3966 1085 4007 textum
1099 3971 1320 4029 receperuntoe-
1279 3957 1377 4011 -ίῖν
1376 3958 1453 4009 illin-

435 4041 461 4090 6.
471 4035 772 4105 Num....proscriptorutn.
783 4030 900 4083 Proscri-
944 4045 991 4086 ctu.
1008 4033 1051 4086 Sic
1067 4035 1121 4088 sere
1140 4055 1231 4089 omnes
1251 4037 1312 4089 libri
1333 4037 1409 4090 MSS.
1426 4048 1451 4090 et

390 4115 453 4168 bere
476 4113 547 4166 idem
564 4127 603 4166 eet
620 4126 698 4182 atque
719 4111 825 4180 publice
847 4110 900 4162 fixo
944 4113 1104 4184 antiquiores
1116 4117 1185 4188 typis
1198 4117 1326 4189 impressi.
1344 4117 1452 4188 Pighius

389 4194 478 4251 libello
490 4190 590 4263 aliquid
603 4191 706 4246 edicere
718 4188 900 4243 etdenuntie·
944 4210 976 4246 ex
992 4191 1070 4248 oodd.
1086 4195 1172 4250 Pulm.
1190 4208 1217 4250 et
1229 4196 1322 4268 Cump.
1335 4199 1425 4252 cirili'
1407 4215 1451 4266 Ja-
