3184 5132
422 527 492 618 164
599 526 823 618 VALERII
857 529 1061 598 ΜΑΧΙΜΙ
1095 530 1189 598 LIB.
1223 531 1275 598 11.

471 659 502 734 5.
531 665 578 734 Μ.
598 676 708 732 autem
727 661 963 748 Antonius¹‚et
977 664 1014 730 L.
1036 661 1172 732 Flaccus
1192 685 1344 732 censores
1362 665 1473 732 Duro-

413 772 506 838 nium
517 783 630 838 senatu
640 767 926 862 moverunt,quod
936 767 1039 862 legem
1047 767 1285 837 decoercendis
1297 771 1469 839 convivio·

413 901 487 946 rum
500 875 684 970 sumptibus
700 873 799 944 latam
811 874 962 944 tribunus
974 873 1079 968 plebis
1093 875 1319 969 abrogaverat.
1330 875 1470 944 Mirifice

412 977 519 1051 notae¹
544 1005 662 1068 causa;
692 1005 791 1075 quarn
820 981 907 1048 enim
934 980 1142 1075 impudenter
1168 983 1337 1050 Duronius
1365 996 1470 1050 rostra

367 1167 369 1172 ,
413 1087 621 1174 conscendit,
634 1087 689 1156 illa
707 1087 876 1157 dictunrs:
897 1115 914 1152 u
930 1087 1027 1154 Freni
1042 1103 1119 1156 sunt
1134 1087 1243 1180 injecti
1261 1087 1371 1173 vobis,
1384 1089 1468 1176 Qui-

412 1196 506 1281 ritas,
524 1193 616 1263 nullo
638 1193 738 1264 modo
759 1191 961 1288 perpetiendi
982 1217 989 1260 :
1010 1191 1131 1287 alligati
1150 1207 1184 1262 et
1204 1195 1374 1262 constricti
1394 1195 1468 1262 estis

413 1323 527 1370 amaro
544 1298 677 1370 vinculo
696 1300 881 1386 servitutis3
902 1298 954 1368 lex
971 1300 1059 1368 enim
1075 1299 1140 1368 lata
1154 1313 1221 1384 est,
1233 1323 1307 1392 quar
1323 1323 1383 1368 vos
1399 1323 1468 1368 esse

413 1405 499 1502 frugi
525 1405 642 1500 jubet:
658 1406 855 1499 abrogemus
884 1405 983 1499 igitur
1014 1405 1101 1474 istud
1131 1404 1273 1474 horridae
1300 1407 1468 1474 vetustatis

412 1512 561 1606 rubigine
576 1497 740 1582 obsitum³
756 1512 941 1605 imperium.
958 1513 1087 1580 Etenim
1102 1510 1181 1605 quid
1201 1535 1285 1604 opus
1299 1509 1468 1596 libertate,

412 1620 437 1687 si
460 1617 646 1688 volentibus
661 1617 739 1690 luxu
760 1619 868 1712 perire
885 1615 1064 1686 nonlicet?
1079 1647 1095 1682 u

465 1721 499 1794 6.
528 1711 630 1819 Age⁴‚
653 1747 713 1818 par
734 1722 940 1818 proferamus
961 1721 1077 1817 aequali
1100 1726 1182 1818 jugo
1204 1724 1333 1792 virtutis
1358 1723 1465 1792 bono-

411 1855 551 1924 rumque
573 1832 729 1900 societate
742 1831 914 1923 junctum,
928 1831 1112 1899 instrictum
1128 1843 1238 1913 autem
1255 1828 1467 1900 aemulationis

410 1936 511 2006 hamo
531 1936 699 2006 dissidens.
719 1935 877 2006 Claudius
900 1938 1006 2022 Nero,
1021 1937 1198 2030 Liuiusque
1213 1934 1376 2004 Salinator
1388 1920 1410 2022 ⁵,
1420 1959 1466 2004 se·

412 2042 511 2112 cundi
535 2045 647 2136 punici
668 2041 745 2111 belli
763 2041 967 2136 temporibus
987 2041 1172 2112 firmissima
1190 2039 1378 2136 reipublicae
1390 2039 1466 2110 late·

412 2172 464 2236 ra,
476 2172 574 2242 quarn
589 2147 779 2216 destrictam
794 2146 889 2217 simul
902 2161 1041 2242 egerunt
1058 2145 1253 2217 censuram?
1266 2148 1354 2216 Nam
1366 2171 1466 2241 quum

411 2254 559 2348 equitum
581 2255 745 2322 centurias
766 2267 1062 2348 recognoscerent,
1080 2267 1113 2322 et
1133 2254 1193 2348 ipsi
1215 2267 1351 2348 propter
1368 2253 1467 2322 robur

413 2437 485 2490 cultu
493 2449 593 2507 pateret
602 2437 663 2490 soli.
673 2437 731 2488 Hoc
740 2437 839 2508 spatio,
848 2436 920 2507 quod
964 2455 1136 2508 compescere.
1149 2437 1192 2490 Sic
1203 2438 1283 2491 etism
1296 2436 1414 2490 Catullus
1422 2436 1468 2488 bac

412 2534 498 2587 neque
505 2515 633 2580 babituri,
644 2534 729 2586 neque
737 2516 802 2568 srsri
810 2515 920 2582 luserat,
964 2535 1037 2577 voce,
1046 2518 1128 2588 epigr.
1140 2535 1173 2587 7¹
1185 2515 1417 2584 ‚utitunValerius
1427 2535 1467 2586 pa·

413 2614 467 2648 non
482 2595 563 2666 magis
572 2593 643 2666 quod
652 2607 712 2666 post
725 2613 831 2646 murum
839 2607 921 2661 esset,
964 2597 1110 2648 ronomusia
1124 2615 1177 2648 non
1192 2593 1299 2668 illepida
1311 2597 1348 2648 ait
1361 2613 1368 2648 ε
1382 2595 1467 2648 instri-

414 2693 492 2746 quana
509 2672 582 2745 quod
598 2693 688 2730 murus
701 2686 762 2745 post
775 2672 820 2738 id,
833 2694 923 2746 pome-
963 2687 1019 2728 ctos
1030 2675 1201 2728 emulationis
1213 2675 1468 2728 bsmocensoresde·

414 2755 484 2808 rium
499 2755 610 2806 Romani
629 2753 802 2826 appellarunt.
816 2755 873 2806 Liv.
891 2755 920 2820 Ι,
964 2759 1070 2806 strictam
1081 2773 1126 2808 seu
1137 2752 1288 2808 distractum
1304 2747 1349 2820 (ut
1358 2755 1467 2808 babetur

415 2841 461 2899 44.
479 2835 639 2906 -Jnoptm
652 2833 734 2885 baberi
751 2837 921 2904 contemptissi-
965 2834 992 2884 in
1004 2830 1184 2896 Atrebatensi)
1198 2835 1275 2886 simul
1285 2835 1367 2905 egisse
1378 2853 1468 2887 censu·

414 2933 484 2966 mam.
501 2913 563 2966 Scil.
578 2925 652 2965 aetate
667 2913 768 2965 Valerii
784 2914 907 2966 auctoris.
964 2931 1037 2978 ram,
1055 2932 1185 2978 severam,
1205 2915 1318 2984 justam,
1334 2931 1467 2984 asperam,

458 3011 482 3046 r.
493 2993 530 3046 Μ.
540 3007 618 3045 autem
628 2993 854 3046 Antonim.An.U.
864 2995 920 3046 6⁵6
964 3005 1113 3045 emunctam
1129 3011 1135 3046 :
1157 2993 1311 3064 metaphora
1332 3005 1377 3045 aut
1397 3011 1413 3046 s
1427 2990 1467 3043 di·

415 3073 455 3126 vel
472 3074 538 3134 654.
553 3105 593 3114 -
610 3071 729 3124 Tribunus
742 3071 827 3141 plebis.
842 3071 922 3124 lunia
964 3073 1152 3143 stringentibus
1167 3071 1283 3143 gladium
1297 3084 1416 3143 sumpta,
1426 3083 1468 3123 sut

413 3154 471 3223 lege
491 3170 570 3203 nemo
590 3163 694 3222 poterat
717 3169 771 3203 esse
800 3151 922 3202 tribunus
965 3151 998 3202 ab
1013 3151 1060 3217 iis,
1075 3151 1120 3222 qui
1138 3149 1227 3203 sordes
1245 3152 1364 3222 corporis
1375 3151 1465 3220 strigili

414 3233 484 3304 pleb.
500 3230 549 3282 nisi
566 3230 699 3300 plebeium
714 3228 759 3281 sed
773 3243 862 3300 postes
878 3247 922 3300 pa·
965 3227 1105 3301 detergunt
1117 3231 1143 3282 iu
1158 3231 1266 3294 balneo,
1279 3243 1323 3283 aut
1331 3227 1467 3284 abradunt.

415 3311 484 3364 tricii
501 3327 607 3380 quoque
620 3309 702 3360 creari
718 3321 860 3378 coeperunt.
1007 3311 1032 3361 5.
1045 3311 1170 3381 Liuiusque
1180 3310 1312 3362 Salinator.
1324 3311 1417 3362 Dictus
1425 3309 1467 3361 Sa·

458 3409 482 3442 a.
497 3391 579 3442 Notoe.
593 3389 645 3440 Pro
655 3407 753 3458 poenoe:
767 3385 830 3438 inde
840 3399 922 3439 notare
964 3387 1073 3452 linatur,
1087 3387 1159 3458 quod
1173 3409 1271 3442 novum
1287 3389 1397 3460 vectigal
1412 3389 1467 3442 salis

414 3487 464 3540 pro
476 3473 562 3539 punire
572 3467 670 3540 passim
681 3463 752 3538 npud
767 3466 922 3520 Ciceronem
964 3480 1127 3520 commentus
1139 3469 1203 3532 tuit,
1215 3483 1242 3521 et
1252 3469 1335 3540 legens
1347 3469 1423 3531 tulit,
1437 3487 1467 3518 ne

416 3548 540 3618 aliosque.
964 3549 1022 3616 quis
1035 3547 1114 3600 salem
1133 3546 1273 3614 venderet,
1293 3567 1376 3620 quum
1394 3561 1467 3602 antea

456 3625 482 3678 3.
497 3627 615 3678 Obsitum.
626 3623 706 3677 Velut
717 3625 804 3696 rigore
813 3623 922 3676 circum·
964 3627 1088 3678 omnibus
1101 3629 1143 3696 jus
1163 3640 1229 3680 esset
1244 3625 1379 3680 vendendi
1398 3627 1467 3689 salis,

415 3702 514 3755 datum.
964 3723 1043 3775 quarn
1053 3706 1087 3757 ob
1094 3707 1176 3776 legem
1185 3708 1264 3760 etiam
1271 3705 1412 3760 damnatus
1422 3717 1466 3758 est.

458 3789 484 3845 4.
497 3783 561 3850 Age.
572 3785 619 3835 An.
629 3783 663 3836 U.
677 3785 740 3850 549.
749 3782 807 3834 Liv.
816 3783 921 3846 ΧΧῘΧ,
969 3785 1034 3835 —F
1033 3789 1155 3836 irmirsima
1162 3786 1388 3857 reipublicoelutem.
1401 3786 1467 3851 Quis

421 3861 920 3933 373Aurel.Viet.50.-AEqualijugn
963 3863 1029 3915 alter
1048 3883 1123 3918 causa
1153 3865 1253 3922 luerat.
1279 3879 1307 3918 ut
1327 3863 1465 3924 Asdrubal,

417 3939 485 4004 Quia
498 3952 656 4009 uterqueres
668 3941 804 4013 praeclaras
816 3959 830 3994 e
841 3960 921 4011 repu-
964 3961 1025 3994 cum
1040 3945 1112 3996 omni
1128 3945 1244 3998 exercitu
1260 3945 1286 3996 in
1304 3945 1380 3998 ltalia
1398 3935 1466 3997 del'e·

416 4017 483 4070 blica
495 4017 580 4086 gessit.
594 4021 679 4072 Ambo
692 4021 812 4072 consules
825 4031 851 4072 et
861 4039 923 4072 cen·
964 4035 1052 4088 retur;
1074 4023 1140 4076 ulter
1161 4035 1190 4075 ut
1212 4025 1326 4078 Annibal
1347 4043 1380 4076 ers
1396 4024 1467 4076 ltalia

416 4114 488 4148 sores
501 4096 578 4146 simul
591 4097 706 4150 luerunt.
720 4131 760 4141 —
776 4099 920 4162 Imtrictum.
964 4097 1099 4154 discedere
1112 4117 1257 4174 cogeretur.
1270 4103 1418 4157 Translatio
1433 4115 1467 4154 est

416 4175 577 4242 instringere
583 4187 620 4226 est
626 4175 768 4246 impedire,
778 4177 922 4248 implicare.
965 4199 978 4230 a
989 4185 1100 4251 corpore
1111 4195 1213 4254 sumpta
1225 4202 1231 4236 τ
1242 4195 1270 4236 ut
1280 4183 1350 4236 enirn
1360 4184 1466 4234 later-iim
