3184 5132
395 443 465 516 166
584 445 806 514 VALERII
840 445 1046 512 MAXIMI
1081 445 1176 548 LIB.
1204 445 1254 512 ΙΙ.

449 602 479 647 ι.
500 577 587 645 Nam
601 575 680 671 quid
701 574 774 670 plus
788 573 940 645 bonoris¹
955 576 1054 644 tribui
1070 578 1178 671 potuit
1192 573 1337 659 consuli,
1350 597 1450 668 quam

391 698 441 752 est
458 683 571 752 datum
594 707 651 752 reo
675 681 834 752 Metello?
853 683 909 776 qui
920 707 1022 776 quum
1037 689 1169 752 cnusdm
1189 681 1451 776 ,repetundarum

390 789 531 876 diceret,
543 786 725 882 tabulaeque
747 789 817 882 ejus
835 789 878 856 ab
897 802 1087 858 accusatore
1102 787 1316 882 expostulatae
1333 787 1375 854 ad
1389 811 1449 854 no-

391 919 467 964 men
485 883 742 989 inspiciendum‘
755 895 841 964 circu
860 894 1020 988 judicium
1036 894 1215 980 ferrentur,
1237 909 1346 962 totum
1365 916 1449 962 con-

392 1001 500 1070 silium
526 1002 568 1069 ab
590 1025 703 1070 earum
734 998 1011 1094 contemplatione
1037 1000 1151 1070 oculos
1177 1002 1316 1085 avertit3
1343 1023 1385 1066 ne
1407 996 1451 1064 dc

392 1107 500 1226 aliqua
514 1131 549 1175 re
557 1131 651 1237 ,quae
664 1109 697 1174 in
710 1107 762 1176 his
776 1106 878 1176 relate
893 1121 977 1194 erat,
993 1107 1159 1176 videretur
1172 1106 1349 1176 dubitasse.
1371 1107 1450 1172 Non

393 1215 426 1280 in
448 1197 599 1298 tubulis³,
619 1213 704 1282 sed
696 1239 729 1280 ιιι
752 1215 819 1282 vita
841 1214 884 1300 Q.
898 1211 1022 1284 Metelli
1041 1227 1235 1307 argumenta
1249 1213 1375 1281 sincere
1392 1209 1449 1277 ad-

393 1321 583 1388 ministratae
611 1321 787 1437 provinciae
815 1317 950 1412 legenda
980 1319 1041 1388 sibi
1060 1319 1188 1438 judices
1216 1317 1448 1386 crediderunt:

392 1425 561 1543 indignum
578 1427 639 1493 rati
645 1426 886 1518 ,integritatem
902 1427 984 1494 tanti
1005 1427 1067 1493 viri
1082 1427 1198 1519 exigua
1214 1447 1289 1494 cera
1296 1409 1355 1491 ‘et
1368 1445 1448 1529 pnu·

393 1532 438 1600 cis
457 1531 571 1600 litteris
591 1531 769 1625 perpendi.¹

448 1689 479 1731 2
507 1661 571 1730 Sed
585 1662 664 1756 quid
682 1664 819 1750 mirum,
835 1685 861 1732 st
854 1661 1006 1732 'debitus
1021 1664 1126 1732 honos
1143 1661 1299 1732 acivibus
1315 1657 1450 1729 Metello

392 1768 533 1838 tributus
551 1783 615 1856 est,
636 1793 733 1862 quem
753 1770 912 1862 superiori
935 1755 1106 1840 Africauo⁵
1125 1772 1224 1838 etiam
1241 1768 1345 1838 bostis
1363 1791 1449 1861 prae-

392 1889 478 1943 stare
498 1899 566 1943 non
585 1873 767 1944 dubitavit?
784 1875 949 1970 Siquidem
969 1901 1026 1943 rex
1048 1876 1226 1944 Antiochus
1240 1873 1326 1942 bello
1336 1871 1449 1966 ,quod

394 2005 469 2050 curn
494 1983 652 2050 Romanis
679 1981 830 2076 gerebat,
852 1980 955 2050 filium
970 1982 1039 2074 ejus
1058 2005 1078 2049 a
1098 1981 1254 2050 militibus
1277 1981 1343 2049 suis
1356 1980 1450 2046 inter·

392 2188 900 2260 jestasperpetuus‚velsinemagistratu
944 2187 1447 2254 Deuotatb.l.consiliantes,seuatum:

394 2266 481 2318 honor
493 2279 539 2320 est
549 2267 652 2319 -Sine
663 2269 757 2320 bonore
768 2265 799 2319 Id
808 2281 862 2332 est
871 2281 900 2320 ut
943 2267 1066 2320 sicctiam
1077 2269 1170 2320 Cicero
1177 2267 1294 2338 „Nepos
1305 2266 1400 2336 aliique
1409 2265 1449 2318 lo

394 2343 475 2396 modo
483 2344 611 2410 diutinus
621 2351 672 2397 sine
680 2349 829 2438 magistrun«.
841 2347 901 2399 Pot·
944 2360 1069 2417 quuntur.
1093 2346 1221 2398 Nonnulli
1242 2343 1349 2399 edidere
1370 2347 1448 2395 cand-

394 2435 432 2474 est
445 2425 516 2476 enim
535 2427 694 2495 majestatem
710 2438 736 2478 et
752 2427 773 2477 is
790 2427 898 2491 babere,
943 2427 1014 2487 lium,
1043 2438 1134 2478 contra
1161 2427 1350 2496 plerorumque
1373 2421 1447 2476 MSS.

395 2503 442 2573 qui
452 2503 630 2574 magistratum
640 2523 694 2556 non
702 2505 778 2574 gerit.
785 2466 900 2570 Quidani
943 2505 960 2557 s
962 2504 1031 2558 dem

394 2579 472 2634 codd
486 2595 572 2634 tamen
586 2583 684 2636 habent
698 2589 749 2636 sure
763 2603 847 2645 onem
862 2585 901 2638 id·
985 2587 1010 2638 3.
1038 2585 1150 2646 ratuni,
1172 2583 1267 2649 idest,
1288 2583 1400 2645 libellis,
1421 2583 1447 2634 in

396 2679 447 2731 que
460 2661 592 2732 Pighius'
584 2682 612 2715 ur
625 2664 742 2734 margine
757 2665 868 2718 notavit.
943 2665 1038 2734 quibus
1053 2679 1109 2728 acta
1125 2623 1267 2735 provincial
1287 2676 1315 2716 et
1335 2663 1451 2716 rationes

438 2758 461 2792 1.
479 2741 593 2794 Honoris.
614 2743 702 2796 Coler.
716 2757 817 2808 censet,
833 2744 900 2798 hanc
943 2745 1152 2796 continebantur.
1167 2742 1237 2798 Vide
1245 2743 1300 2795 Cic.
1310 2761 1360 2814 pro
1369 2741 1449 2793 Arcb.

396 2838 485 2872 vocem
501 2821 568 2874 nihil
582 2822 632 2874 nisi
653 2822 763 2892 glossam
776 2841 846 2886 esse,
860 2843 901 2875 or·
985 2831 1010 2884 4.
1022 2824 1092 2876 cem.
1105 2822 1194 2886 Idem,
1206 2819 1279 2894 quod
1292 2822 1389 2875 tabula.
1400 2821 1449 2872 Ta·

396 2913 448 2951 tarn
468 2919 499 2953 ex
515 2901 641 2972 proximis
658 2902 837 2972 superioribus
857 2903 900 2954 lto·
943 2901 1448 2974 bulasenitnantiquitusceraobducere

394 2999 472 3030 noum
498 2984 549 3032 sine
574 2982 668 3034 bonore
695 2983 775 3034 Abest
797 2999 859 3034 sane
885 3001 900 3036 a
943 2982 1110 3046 solebant‚in
1122 2982 1217 3052 quihus
1227 2981 1288 3034 stilo
1303 2981 1389 3034 ferreo
1404 2993 1447 3032 ant

393 3057 545 3129 quindecim
558 3060 692 3114 codicibus
706 3061 781 3113 MSS.
794 3091 833 3104 -
845 3062 898 3113 Me·
943 3061 1059 3112 eburneo
1079 3061 1249 3114 scribebatur.
1265 3059 1332 3112 Inde
1351 3067 1445 3130 prona,

395 3139 459 3190 tello.
480 3141 558 3192 Anno
582 3141 663 3193 Urbis
689 3145 755 3203 641.
779 3141 900 3193 Metellus
942 3140 1055 3200 secundo,
1069 3153 1113 3192 aut
1121 3151 1225 3191 extrema
1233 3159 1287 3190 cera
1297 3140 1390 3192 usitata
1400 3139 1448 3192 luit

395 3231 455 3290 post
473 3231 578 3290 parturn
600 3238 632 3271 ex
655 3217 778 3272 Numidia
809 3220 901 3272 trium·
943 3219 1056 3290 antiquis
1064 3219 1174 3283 locutio,
1189 3219 1234 3272 ubi
1243 3217 1277 3270 de
1289 3219 1447 3272 testamentis

394 3297 478 3369 phutn
490 3296 696 3369 repetundarum
706 3299 899 3369 expostulatns;
942 3311 998 3351 erat
1010 3317 1105 3351 senno.
1119 3329 1158 3342 -
1169 3297 1295 3368 Perpurdt'.
1310 3298 1382 3370 Lips.
1395 3317 1447 3350 nto-

395 3395 508 3449 quarum
527 3378 713 3440 accusabatur,
732 3378 794 3449 quia
811 3377 900 3431 crede-
942 3390 1000 3443 net,
1013 3379 1040 3430 in
1049 3377 1206 3449 quibusdam
1215 3375 1293 3430 codd
1304 3379 1442 3450 esseperdi
1440 3399 1446 3410 ·

395 3458 473 3509 batur
485 3475 648 3528 provinctam
662 3476 707 3509 seu
721 3475 805 3510 socios
817 3477 901 3530 popu
943 3455 1057 3530 indeque
1079 3455 1220 3529 legendum
1242 3457 1351 3526 conjicit
1367 3458 1446 3528 prodi.

395 3535 414 3586 h
424 3555 491 3588 rom
506 3557 616 3608 pecunia
627 3537 766 3608 exprlssse
776 3537 817 3589 vel
828 3535 899 3608 judi·
942 3535 1021 3602 Quod
1030 3535 1137 3608 quidem
1145 3538 1241 3591 Colero
1254 3535 1390 3608 displicet,
1402 3539 1444 3607 qni

394 3633 464 3666 ctum
475 3615 575 3680 tulisse,
589 3615 900 3689 quodinsuaootntnoda
943 3630 1044 3679 monet,
1060 3617 1089 3669 iu
1105 3615 1195 3670 codice
1215 3617 1281 3671 Dan.
1298 3634 1354 3669 esse
1365 3617 1445 3687 perid.

393 3691 505 3746 cederet.
522 3695 633 3749 Pecunia
654 3709 717 3750 tunc
738 3695 900 3749 restituenda
942 3697 1063 3749 Perizon.
1072 3695 1225 3768 adscripsit:
1236 3695 1446 3764 audeseadielli·

394 3774 569 3842 repetebatur.
580 3777 658 3830 Conl.
676 3777 732 3830 Cic.
748 3777 899 3847 proBalbo,
942 3775 980 3828 htl
991 3774 1158 3837 mutandum
1171 3795 1252 3846 quarn
1258 3777 1334 3846 pendi
1342 3777 1444 3845 velpa

397 3853 428 3914 5,
446 3851 716 3922 etadAttic.1,16.
939 3853 1444 3927 pendtbrctnttntleatemluloltudait,

436 3951 461 3984 ι.
470 3931 786 4005 Adnoment'tttpt'ciendum.
794 3935 898 3988 Nomen
942 3955 1021 4008 quam
1036 3939 1163 3998 aettbttcrt',
1180 3939 1275 3988 marari.

393 4007 521 4081 inspicere
536 4026 574 4066 est
595 4015 749 4084 exquirere,
770 4029 898 4087 qnantum
984 4017 1011 4068 5.
1027 4017 1154 4082 Africano,
1173 4016 1222 4066 An.
1238 4015 1271 4066 U.
1293 4015 1366 4083 563,
1388 4015 1446 4066 Lir.

393 4091 452 4162 quit
474 4089 560 4144 adhuc
581 4089 682 4146 debeat.
698 4117 738 4130 ·-
758 4095 896 4148 Consilium.
943 4094 1088 4159 xxxvtt;
1103 4097 1186 4148 etAn.
1194 4094 1229 4146 U
1243 4097 1309 4148 666.
