3184 5132
340 417 448 498 CAP.
477 413 605 504 VIII,
638 417 708 486 DE
742 415 1056 488 MIRACULIS.
1192 447 1241 521 79

159 552 311 640 incessit,
325 564 444 620 utnon
457 546 565 620 solum
577 549 722 620 victores
736 548 799 646 ipsi
816 548 1049 648 praefigerent,
1066 551 1125 623 sed
1139 557 1238 628 etiam

159 659 293 756 pavoris
315 659 365 728 sui
385 671 557 728 consortes
581 681 695 728 secum
719 659 877 728 Veientes
898 657 1080 729 traherent.
1105 663 1169 732 Cui
1190 667 1238 736 rei

161 792 225 862 pro
246 778 444 862 argumento
459 761 675 834 miraculum¹
699 761 872 857 adjicitur,
889 765 1006 861 ingens
1020 781 1158 866 repentq
1171 795 1238 842 vox

161 899 180 943 e
202 874 354 970 proxima
381 873 464 942 silva
489 871 606 959 Arsia,
632 895 706 964 quta
731 893 791 942 ore
816 869 941 942 Silvani
965 873 1000 942 in
1027 871 1118 944 hunc
1142 901 1237 972 paene

159 981 298 1050 modum
318 981 419 1050 missa
440 976 607 1048 traditur:
626 981 701 1048 Urso
712 975 814 1074 plus'
830 981 995 1048 Hetmsci
1009 979 1138 1060 cadent
1151 1010 1159 1052 ε
1174 988 1238 1055 Ilo

159 1111 285 1158 manus
305 1089 476 1158 exercitus
495 1091 609 1156 uictor
626 1083 744 1156 ababa
761 1084 884 1156 Mirans
901 1083 981 1156 dicti
995 1085 1096 1157 fidem
1110 1088 1238 1186 digesta

160 1219 302 1264 numero
317 1192 481 1262 cadavera
500 1192 689 1262 exhibuere.

215 1297 249 1370 6.
266 1298 382 1390 Quid?
395 1284 535 1370 Martis³
552 1297 728 1386 auxilium,
741 1323 809 1392 quo
820 1298 994 1368 victoriam
1006 1301 1235 1374 Romanorum

160 1406 306 1500 adjuvit,
327 1430 439 1476 nonne
458 1408 620 1476 memoria
637 1403 872 1476 celebrandum
887 1404 960 1476 est?
980 1407 1096 1496 Quum
1117 1412 1237 1481 Bruttii

160 1528 261 1608 atque
282 1515 409 1584 Lucani
425 1512 503 1584 odio
520 1514 765 1600 incitatissimo,
780 1513 999 1608 maximisque
1012 1513 1138 1585 viribus
1151 1518 1239 1588 Thu·

161 1621 241 1692 rinae
257 1621 351 1692 urbis
367 1634 519 1716 peterent
531 1621 687 1704 exitium,
702 1643 742 1688 ac
758 1621 928 1715 praecipuo
940 1621 1050 1690 studio
1063 1619 1236 1694 incolumi·

161 1741 266 1798 tatem
283 1727 354 1820 ejus
374 1729 412 1797 C.
433 1726 603 1796 Fabricius
619 1729 783 1796 Luscinus
801 1751 870 1795 cos.
893 1741 1103 1822 protegeret,
1118 1755 1237 1826 resque

163 1835 301 1928 ancipiti
321 1845 464 1920 eventu,
482 1831 611 1902 collatis
627 1856 736 1900 unum
759 1833 793 1898 in
814 1829 926 1902 locum
941 1835 1114 1928 utriusque
1134 1841 1237 1931 partis

164 1941 289 2034 copiis,
305 1951 477 2034 gereretur
493 1963 500 2006 :
518 1963 587 2008 non
607 1937 806 2007 audentibus
825 1939 986 2008 Romanis
1008 1939 1157 2034 praelium
1182 1946 1236 2012 in-

166 2045 260 2140 gredi
267 2033 292 2134 ⁴,
310 2045 438 2115 eximiae
457 2043 695 2138 magnitudinis
711 2044 844 2138 juvenis
865 2045 1010 2140 primum
1033 2071 1090 2117 eos
1111 2048 1238 2122 hortari

166 2151 210 2222 ad
223 2150 460 2248 capessendam
476 2150 703 2221 fortitudinem
716 2153 825 2246 coepit.
842 2151 984 2240 Deinde,
999 2151 1058 2222 ubi
1077 2154 1238 2228 tardiores

205 2368 231 2404 ·1.
252 2350 400 2406 Miruculuns
409 2389 467 2404 ......
488 2369 548 2406 uos.
571 2347 635 2404 Hac
651 2349 680 2404 iu
722 2349 798 2422 plum
813 2349 998 2404 eubViuainali
1012 2349 1164 2408 dedicatum
1175 2355 1235 2413 tuit.

165 2430 300 2504 pleripque
318 2443 383 2484 vett.
399 2427 463 2484 edd.
479 2428 680 2500 distinguuntur
766 2450 793 2484 a.
811 2429 866 2484 Uno
873 2431 938 2501 plus.
953 2430 1089 2486 Subsudi:
1103 2453 1174 2507 queas
1185 2437 1236 2490 lle·

165 2510 218 2566 hoc
233 2509 315 2566 modo
331 2529 339 2565 a
354 2511 501 2564 Manatum
515 2509 631 2577 adjicitur
641 2513 680 2562 in·
723 2515 796 2564 marsi.
812 2510 886 2564 Plus
909 2511 1027 2583 positum
1048 2511 1236 2572 adverbialiter

164 2609 232 2662 gem.
248 2591 352 2663 &peste
363 2609 425 2652 aaa,
434 2604 484 2646 etc.
496 2589 585 2653 Male,
595 2607 680 2662 quum
722 2609 773 2662 pro
787 2591 891 2664 plures,
903 2604 984 2662 prout
998 2593 1079 2646 esiam
1094 2595 1237 2652 Terentius

165 2689 222 2726 uon
236 2671 390 2734 miracuhsm,
404 2669 452 2726 sed
466 2690 517 2724 aas
532 2671 626 2742 ingens
638 2668 680 2724 di·
722 2670 857 2742 loquitur:
870 2672 931 2742 plus
941 2673 1100 2745 quingentos
1108 2676 1235 2748 colaphos

165 2748 681 2824 catunffincenimintelligidebetprss·
722 2764 773 2805 etc.
787 2751 884 2804 Senam
899 2764 958 2806 est:
974 2753 1119 2808 lletrusoos
1134 2756 1163 2808 iu
1179 2758 1235 2812 acie

168 2832 246 2903 cipue
252 2829 334 2886 fideus
342 2831 438 2886 lactans
445 2829 681 2896 luisse,de
722 2849 803 2886 casos
813 2831 894 2884 unius
906 2832 1023 2886 bominis
1033 2852 1146 2890 numero
1157 2855 1235 2909 supe·

169 2917 225 2964 sarsi
235 2932 276 2964 ore
290 2931 339 2966 esse
351 2915 456 2966 missam
470 2911 506 2965 Et
513 2911 556 2968 'sic
574 2927 681 2982 quoque
722 2923 828 2966 saturos
842 2929 899 2964 ease
914 2913 1055 2966 Romanoa.

167 2991 298 3048 Liviussae
307 2993 370 3046 silua
376 2993 455 3046 Arsia
463 2995 582 3062 ingentem
592 2991 681 3044 editam
766 2992 793 3045 3.
805 2991 875 3062 Quid
880 2990 1001 3044 PMartis.
1015 2993 1066 3045 An.
1083 2993 1151 3046 Urb.
1167 3001 1234 3066 ⁴7¹·

167 3091 251 3124 oooem
266 3073 366 3128 scribit.
387 3103 430 3120 ...-
443 3071 513 3126 Silva
531 3071 617 3126 Arsia.
639 3071 681 3123 lbi
723 3071 871 3126 Glareanus
881 3071 932 3126 bac
945 3069 979 3124 de
993 3071 1104 3125 historia
1117 3071 1237 3143 dubitat,

167 3151 250 3223 primi
261 3152 390 3207 libertatis
400 3154 584 3206 Romanorum
592 3149 682 3204 hostes
723 3149 797 3222 quod
811 3153 868 3222 ejus
887 3152 1050 3215 mentionem
1065 3170 1121 3206 nors
1135 3154 1236 3227 injiciat

170 3230 232 3283 cassi
247 3245 307 3286 sunt
318 3233 346 3286 iu
358 3231 466 3303 prsslio,
478 3250 533 3304 quo
545 3232 642 3284 Brutus
655 3242 682 3284 et
723 3231 825 3285 Lirim.
839 3229 892 3284 Sed
908 3232 1061 3286 refertam
1079 3233 1235 3291 Ammianus

170 3309 261 3362 Aruns
272 3329 299 3364 ae
313 3311 428 3366 invicem
440 3309 611 3377 oeciderunt,
626 3329 681 3382 quo
724 3311 842 3365 Marcell.
863 3312 966 3366 mv,
990 3313 1092 3366 rurus
1103 3326 1192 3367 autem
1205 3316 1233 3370 in

170 3387 243 3442 facto
269 3388 403 3460 Poplicola
425 3388 555 3464 postridie
578 3390 682 3463 primns
724 3390 818 3444 Martia
834 3392 916 3446 tutela
934 3391 1034 3457 luisse,
1050 3393 1126 3445 numi
1141 3412 1234 3450 eorum

170 3465 309 3540 quadrigis
330 3469 359 3524 iu
372 3471 465 3524 urbem
483 3483 573 3526 rectus
586 3471 681 3524 trium·
724 3472 898 3542 antiquissimi
923 3469 1067 3526 declarant.
1096 3473 1234 3540 rtrum,

170 3546 680 3622 pharitVideDionysinm‚V‚etPlut.
724 3551 854 3624 oppidum
876 3551 1004 3606 Calabria
1023 3549 1058 3603 ad
1075 3553 1163 3608 sinum
1182 3556 1234 3610 Ta·

172 3629 201 3682 in
209 3628 482 3700 PoplicolaDeArss'a
489 3631 596 3685 consede
602 3631 682 3684 etiarn
724 3633 875 3697 rendnum,
888 3633 1012 3686 Croton·
1024 3635 1235 3702 conterminum,

171 3709 329 3764 Cluverum.
345 3739 385 3754 -·-
397 3708 498 3764 Silvaru'.
512 3711 601 3764 Fictas
611 3712 682 3764 Deus
724 3729 739 3764 a
755 3711 856 3765 Graecis
867 3708 1007 3764 conditum
1021 3749 1029 3776 ‚
1045 3713 1170 3771 Romanis
1188 3718 1236 3770 lna

172 3787 299 3842 salvaram
317 3788 489 3862 pecorisque;
506 3790 594 3846 forsan
617 3791 682 3844 olim
725 3789 789 3844 dere
801 3810 832 3844 sc
846 3791 970 3844 societate
981 3793 1162 3864 conjunctum.

172 3869 280 3940 regulus
293 3869 345 3924 tuis
361 3869 432 3922 inter
447 3887 509 3930 eos,
527 3871 575 3940 qui
589 3869 682 3924 silvosa
766 3878 794 3936 4.
811 3871 925 3923 Proels'um
939 3872 1039 3941 regredi.
1054 3873 1161 3949 Pighius
1180 3875 1236 3929 edis

171 3947 230 4002 loca
238 3949 394 4004 incolerent.
399 3949 456 4004 Hac
467 3948 502 4004 de
509 3967 587 4004 causa
594 3953 683 4005 AEneas
724 3947 857 4022 dispraels'o
868 3951 997 4021 magnai,
1009 3965 1101 4007 conns
1113 3957 1234 4012 omnium

172 4041 341 4098 posterorum
356 4031 447 4102 plures
461 4030 541 4084 etism
554 4031 625 4086 Silss's'
638 4049 683 4084 vo·
724 4031 826 4104 scriptt.
839 4043 865 4084 et
876 4029 937 4084 edd.
953 4049 1117 4088 muscosum.
1134 4037 1237 4106 Ispreds*

173 4110 226 4162 eati
238 4108 372 4168 ridentur.
388 4111 496 4166 Silvano
507 4113 598 4168 Roma
616 4123 681 4166 tem·
726 4130 774 4164 rem
788 4111 940 4184 frequenter
950 4132 1000 4185 pro
1014 4119 1115 4186 incipere
1127 4113 1234 4174 dicitun
