3190 5122
405 513 480 588 300
589 513 813 584 VALERII
841 511 1050 580 MAXIMI
1078 511 1175 580 LIB.
1203 512 1269 582 IV.

403 650 546 744 parietes
563 646 741 743 plurimum
760 657 921 741 poterant.
943 645 1062 714 Patriae
1084 646 1172 713 enirn
1193 669 1263 712 rem
1285 647 1467 739 unusquis·

403 779 488 850 que,
505 781 571 822 nou
593 779 684 822 suam
704 775 824 846 augere
844 750 1067 846 properabat3
1086 775 1276 846 pauperque
1294 752 1329 819 in
1348 751 1467 838 divite,

404 886 504 956 quam
514 861 604 930 dives
615 864 646 929 in
660 883 803 955 paupere
818 859 955 952 imperio
966 859 1092 926 versari
1105 855 1256 927 malebat.
1268 859 1378 952 Atque
1389 857 1467 927 huic

404 982 472 1037 tam
496 965 654 1062 praeclaro
673 965 842 1062 proposito
857 963 910 1032 illa
927 989 1054 1033 merces
1074 963 1293 1048 reddebatur,
1309 965 1401 1059 quod
1417 967 1466 1032 ni·

403 1073 451 1142 hil
473 1099 604 1160 eorum,
616 1097 687 1166 quaa
704 1072 818 1138 virtuti
835 1069 1027 1158 debentur¹,
1043 1095 1153 1140 emere
1171 1073 1310 1165 pecunia
1328 1069 1466 1158 licebat,

404 1179 589 1275 inopiaeque
610 1176 783 1246 illustrium
802 1178 949 1245 vironun
971 1175 1101 1271 publice
1123 1178 1388 1246 succurrebatur.

348 1328 351 1340 ·
464 1310 519 1355 ιο.
540 1288 656 1378 ltaque
672 1309 775 1378 quum
791 1283 937 1352 secundo
952 1285 1074 1377 punico
1096 1281 1204 1352 bello²
1221 1285 1282 1353 Cn.
1298 1285 1410 1379 Scipio
1426 1307 1465 1352 ex

405 1391 563 1486 Hispania
581 1393 707 1460 senatui
726 1392 923 1484 scripsisset,
936 1405 1052 1484 petens
1072 1405 1110 1460 ut
1125 1391 1186 1458 sibi
1204 1415 1374 1460 successor
1392 1392 1465 1458 mit·

404 1512 550 1583 teretur,
569 1499 646 1591 quia
668 1495 769 1565 filiam
789 1498 951 1592 virginem
969 1495 1088 1565 adultae
1103 1497 1173 1590 jam
1195 1499 1297 1566 aetatis
1311 1497 1466 1582 liaberet,

405 1628 512 1697 neque
533 1605 563 1671 ei
582 1605 650 1672 siue
671 1627 705 1670 se
725 1603 786 1671 dos
807 1602 952 1697 expediri
975 1618 1108 1697 posset3
1127 1618 1274 1687 senatus,
1291 1625 1330 1670 nc
1348 1627 1467 1696 respu-

405 1709 492 1779 blica
522 1710 611 1778 bono
640 1708 724 1778 duce
751 1723 895 1797 careret,
921 1712 1024 1804 patris
1052 1709 1113 1778 sibi
1136 1725 1247 1805 partes
1266 1709 1468 1802 desumpsit,

404 1815 606 1910 consilioque
623 1817 734 1884 uxoris
753 1839 792 1884 ac
816 1817 1077 1910 propinquorum
1098 1817 1261 1911 Scipionis
1291 1816 1468 1884 constituta

406 1921 499 2008 dote,
509 1947 671 1992 summam
684 1923 754 2015 ejus
766 1947 806 1991 ex
820 1925 935 1992 aerario
948 1924 1110 2018 erogavit,
1121 1947 1160 1992 ac
1169 1921 1312 2018 puellam
1326 1936 1467 2016 nuptum
1584 1957 1585 1968 ι

407 2015 529 2098 dedit³.
558 2031 654 2100 Dotis
678 2017 819 2098 modus⁴
842 2032 905 2097 XL
929 2027 1029 2097 millia
1052 2031 1125 2098 aeris
1148 2029 1220 2097 suit.
1246 2032 1285 2098 ln
1309 2053 1376 2122 quo
1402 2051 1467 2095 non
1582 2090 1586 2125 r

407 2134 514 2205 solum
529 2136 715 2206 humanitas
725 2149 855 2231 patrum
869 2136 1146 2230 conscriptorum,
1156 2135 1213 2204 sed
1224 2137 1323 2204 etiam
1338 2135 1468 2202 habitus

405 2257 556 2312 veterum
584 2244 858 2337 patrimoniorum
884 2243 1038 2336 cognosci
1069 2257 1185 2336 potest.
1211 2243 1366 2335 Namque
1388 2239 1468 2310 adeo

405 2347 541 2417 luerunt
561 2363 714 2436 arcta,ut
730 2333 842 2417 Tatia⁵
857 2350 1003 2417 Caesonis
1021 2346 1088 2416 filia
1101 2349 1279 2417 maximam
1296 2347 1410 2416 dotem
1429 2345 1469 2414 ad

405 2455 515 2522 virum
554 2455 587 2521 X
617 2453 717 2522 millia
754 2456 825 2522 aeris
852 2453 997 2551 attulisse
1024 2456 1093 2524 visa
1120 2456 1190 2523 sit:
1219 2469 1253 2523 et
1282 2437 1468 2548 lllegullia⁶,

378 2645 381 2654 γ
406 2561 483 2653 quia
499 2585 574 2628 cum
590 2561 827 2654 quinquaginta
843 2559 987 2630 millibus
1005 2563 1077 2630 teris
1092 2561 1202 2630 mariti
1216 2559 1356 2630 domum
1370 2561 1469 2627 intra-

407 2666 472 2750 vit,
493 2669 639 2735 Dotatae
656 2691 841 2760 cognomen
859 2669 1029 2736 invenerit.
1051 2667 1162 2736 ldem⁷
1178 2682 1311 2736 senatus
1328 2665 1470 2734 Fabricii

407 2773 540 2842 Luscini
555 2773 781 2868 Scipionisque
799 2773 881 2842 filias
898 2773 940 2842 ab
958 2773 1112 2850 indotatis
1135 2774 1258 2868 nuptiis
1272 2770 1469 2840 liberalitate

407 2903 467 2947 sua
477 2879 671 2965 vindicavit3
682 2881 835 2973 quoniam
847 2895 992 2975 paternae
1001 2879 1175 2949 hereditati
1188 2893 1308 2974 praeter
1323 2881 1470 2974 opimam

407 2983 544 3080 gloriam
560 2984 641 3054 nibil
658 3001 728 3055 erat
742 2985 831 3082 quod
853 3001 1025 3082 acceptum
1043 2987 1214 3055 referrent.

407 3165 503 3222 desunt
510 3169 538 3220 in
545 3167 671 3222 uedrcim
679 3169 753 3224 MSS.
762 3183 788 3224 et
795 3169 915 3240 euttog.
960 3173 1020 3230 etia,
1043 3171 1133 3226 Turia.
1150 3181 1198 3223 etc.
1216 3167 1294 3221 Nihil·
1307 3168 1383 3221 certi.
1403 3167 1471 3219 Peri·

451 3267 474 3302 ι.
502 3249 565 3318 Quoe
582 3253 670 3300 uirtuti
690 3250 810 3304 delentur.
831 3250 915 3302 Verbi
960 3249 1053 3302 nonius
1067 3249 1174 3320 conjicit
1183 3249 1470 3302 Fata-Mum

407 3346 497 3394 eausa,
515 3328 679 3398 magistratus
695 3342 720 3380 et
733 3330 856 3381 honores.
961 3329 1048 3382 dotem
1064 3328 1170 3382 Videsis
1190 3329 1310 3381 Turnebi
1329 3324 1468 3377 Adversar.

450 3427 476 3460 a.
497 3407 605 3460 Secundo
618 3411 706 3476 punico
725 3409 793 3461 ballo.
809 3410 857 3461 An.
881 3409 915 3460 U.
961 3408 1007 3462 lib.
1024 3409 1135 3472 xvllt,
1153 3409 1200 3462 30¹.

411 3485 542 3555 stultit.
552 3487 683 3540 Ammian.
696 3489 772 3552 XIV,
782 3492 798 3542 6
808 3507 815 3551 ;
826 3487 916 3539 Senec.
1002 3493 1028 3542 6.
1050 3488 1177 3558 Megullia.
1191 3481 1274 3538 Cod'd.
1289 3481 1366 3536 MSS.
1386 3483 1472 3552 Argu·

409 3566 510 3631 Natl,
525 3585 619 3636 17.-
638 3567 684 3619 Cn.
700 3566 789 3637 Scinio.
805 3568 917 3620 Patruus
961 3569 1010 3629 lia,
1040 3567 1177 3638 Mergutn,
1199 3563 1316 3634 itemque
1348 3563 1470 3631 Megalia.

408 3645 525 3698 Africani
541 3646 656 3718 majoris.
673 3670 709 3680 -
724 3647 852 3718 Erpediri.
864 3648 917 3699 Ex·
960 3647 1035 3700 Nihil
1050 3648 1121 3700 certi.
1141 3675 1182 3687 -
1202 3643 1391 3716 Quinquaginta.
1416 3641 1471 3694 Alii

409 3722 499 3796 pedite
512 3726 645 3796 assignari.
961 3727 1107 3800 pertingentis,
1122 3724 1167 3794 qui
1177 3741 1304 3776 numerus
1316 3721 1404 3773 misius
1415 3721 1473 3792 pla·

449 3803 478 3858 3.
498 3803 605 3875 Nuptan
625 3806 698 3858 dedit.
716 3805 815 3860 Passim
832 3811 918 3876 nuptui
960 3819 1102 3878 ret,quum
1110 3803 1189 3856 nimis
1198 3803 1303 3873 amplus
1313 3801 1345 3854 sit
1354 3820 1405 3873 pro
1414 3803 1471 3872 ejus

408 3883 698 3950 dedit,sicutetantea.
960 3885 1040 3938 seculi
1051 3895 1296 3956 paupertateznam
1304 3879 1415 3933 modurn
1426 3879 1469 3932 do·

451 3973 476 4028 4.
504 3964 600 4018 Modra.
621 3967 760 4036 Eleganter
789 3985 839 4038 pro
862 3984 917 4032 eo,
961 3961 1312 4017 tiemarimremilliadecem
1321 3960 1471 4014 tuncl'uisse

412 4042 484 4113 quod
497 4043 576 4114 vulgo
587 4048 741 4116 quantitatem
756 4045 857 4098 dicunt.
960 4043 1025 4096 dicit
1038 4057 1137 4096 auctor.

452 4125 477 4173 5.
501 4123 583 4175 Tatio.
604 4123 716 4177 Codices
731 4125 805 4178 MSS.
821 4125 914 4186 Aeeta,
1001 4141 1027 4193 7.
1050 4123 1123 4176 Idem.
1140 4121 1269 4175 Nonnulli
1283 4119 1399 4173 editores
1408 4119 1470 4172 atae.

411 4201 438 4254 T
434 4203 513 4266 ucria,
526 4203 623 4268 Tarsia,
638 4206 741 4267 Tuccia,
753 4206 844 4264 Tacen,
858 4205 922 4258 Tan·
959 4203 1043 4274 Male,
1057 4216 1149 4260 eontra
1160 4201 1236 4260 MSS.
1250 4199 1338 4256 tidem.
