3168 5124
413 542 489 624 aaa
610 533 833 606 vacatur
861 533 1070 603 uaxran
1097 535 1193 604 mn
1229 535 1271 608 v.

466 674 499 756 4.
528 671 576 738 Μ.
605 693 686 738 vero
708 665 880 752 Scaurus¹,
901 665 1013 736 lumen
1038 691 1077 736 ac
1099 667 1200 738 decus
1224 671 1356 764 patriae,
1372 695 1472 766 quum

412 775 501 872 apud
528 773 676 844 Athesim
700 773 825 842 flumen
846 775 970 868 impetu
994 774 1209 843 Cimbrorum
1233 779 1359 844 romani
1383 781 1472 871 equi-
1571 865 1572 870 ἵ

411 897 461 952 tes
475 879 581 976 pulsi,
595 879 727 949 deserto
748 871 910 974 [procos]
925 877 1061 966 Catulo,
1081 881 1199 948 urbem
1216 881 1326 974 pavidi
1347 896 1472 977 repete·
1571 871 1572 964 l

410 1001 502 1073 rent,
518 987 794 1056 consternationis
816 1009 932 1056 eorum
952 985 1104 1080 participi
1122 985 1189 1054 filio
1212 1011 1272 1055 suo
1295 989 1402 1076 misit,
1418 992 1470 1082 qui

411 1093 578 1180 dicerent,
604 1090 789 1162 «libentius
807 1116 841 1160 se
859 1093 892 1160 in
911 1093 981 1160 acie
1000 1093 1070 1186 ejus
1087 1091 1250 1161 interlecti
1269 1094 1398 1163 ossibus
1418 1119 1471 1164 oc·

410 1223 601 1285 cursurum,
612 1223 711 1292 quam
726 1200 833 1293 ipsum
848 1213 915 1266 tam
929 1197 1086 1266 deformis
1102 1197 1188 1292 luga]
1202 1223 1294 1267 reum
1308 1201 1469 1282 visunrm;

409 1320 521 1400 itaque
554 1306 581 1374 si
608 1304 687 1399 quid
715 1305 815 1374 modo
845 1303 1007 1398 reliquum
1035 1306 1069 1372 in
1102 1319 1237 1399 pectore
1267 1306 1473 1376 verecundiae
1571 1381 1572 1400 ἶ

410 1425 611 1506 superesset,
623 1425 838 1506 conspectum
852 1410 1041 1506 degenerati
1054 1411 1156 1504 patris
1170 1409 1399 1480 vitaturum.»
1409 1415 1470 1481 Re·

410 1517 600 1588 cordatione
622 1519 710 1587 enim
725 1517 871 1611 juventae
890 1539 975 1605 suas,
993 1515 1097 1610 qualis
1115 1517 1162 1585 Μ.
1187 1518 1312 1586 Scauro
1332 1533 1391 1586 aut
1410 1519 1471 1586 ha·
1571 1539 1572 1586 t

409 1623 557 1712 bendus,
575 1638 633 1692 aut
654 1623 858 1718 spernendus
882 1635 968 1714 esset
990 1621 1098 1708 lilius,
1120 1621 1371 1692 admonebatur.
1395 1625 1469 1713 Quo

408 1731 526 1799 nuntio
549 1743 706 1824 accepto,
720 1730 851 1822 juvenis
873 1741 1007 1798 coactus
1030 1743 1080 1797 est
1100 1725 1217 1798 lortius
1236 1730 1396 1799 adversus
1417 1755 1470 1799 se-
1571 1759 1572 1774 ¹

409 1839 586 1931 metipsum
607 1833 716 1931 gladio
734 1837 801 1924 uti,
820 1858 919 1930 quam
942 1833 1100 1903 adversus
1121 1833 1232 1904 hostes
1253 1859 1333 1904 usus
1356 1836 1465 1905 fuera
1571 1891 1572 1922 ,

464 1940 495 2013 5.
519 1944 591 2012 Nec
614 1943 722 2010 minus
739 1941 885 2010 animose
902 1941 940 2008 Α.
963 1924 1126 2026 Fulvius³,
1141 1940 1192 2008 vir
1209 1944 1365 2011 senatorii
1385 1943 1466 2011 ordi·
1571 1939 1572 1986 Τ

408 2051 478 2136 nis,
505 2063 639 2118 euntem
661 2050 695 2116 in
723 2049 827 2118 aciem
856 2043 959 2114 lilium
987 2047 1141 2133 retraxit,
1162 2071 1262 2140 quam
1287 2049 1467 2118 Soasuuse

410 2153 523 2250 praelio
544 2155 722 2250 fugientem
743 2153 923 2247 increpuit3
946 2175 1087 2246 namque
1104 2153 1260 2246 juvenem
1283 2169 1317 2222 et
1338 2155 1467 2248 ingenio

408 2275 442 2330 et
469 2259 569 2330 literis
590 2275 624 2330 et
642 2259 749 2329 forma
770 2257 855 2328 inter
876 2255 1016 2352 aequales
1036 2259 1213 2346 nitentem,
1240 2283 1346 2354 pravo
1364 2263 1464 2329 consi·

407 2364 453 2436 lio
470 2367 646 2435 amicitiam
665 2361 814 2434 Catilina
831 2379 1022 2458 sequutum,
1038 2365 1137 2457 inque
1155 2377 1262 2434 castra
1276 2367 1349 2458 ejus
1364 2381 1463 2434 teme·
1571 2371 1572 2424 l

407 2473 495 2540 rario
511 2475 637 2564 impetu
658 2484 827 2556 ruentem,
843 2467 951 2538 medio
971 2470 1088 2538 itinere
1106 2470 1326 2557 abstractum,
1344 2470 1464 2566 suppli·
1571 2519 1572 2524 κ

408 2580 460 2646 cio
480 2577 596 2646 mortis
617 2575 744 2658 affecit,
763 2573 937 2669 praelatus3
957 2577 1060 2645 «Non
1081 2599 1116 2644 se
1134 2575 1283 2646 Catilina
1303 2576 1393 2646 illum
1409 2577 1462 2646 ad·

407 2705 522 2752 versus
536 2683 693 2778 patriam,
708 2679 764 2750 sed
778 2683 891 2776 patrias
907 2679 1064 2750 adsersus
1078 2679 1254 2751 Catilinam
1273 2685 1424 2776 genuisse.
1439 2713 1459 2747 s

409 2790 542 2875 Licuit,
570 2789 675 2856 donec
703 2786 806 2856 civilis
837 2785 913 2856 belli
943 2786 1048 2855 rabies
1074 2789 1277 2881 praeteriret,
1299 2785 1459 2856 inclusum

453 3019 477 3054 r.
487 3001 524 3054 M.
533 3017 596 3062 osso¹
605 2999 717 3052 scam
733 3000 785 3050 Ao.
801 2998 836 3051 U.
848 2995 915 3050 65¹.
959 2995 1055 3049 diceret.
1068 2995 1176 3050 Rectius
1185 2997 1287 3062 lorsam
1299 2997 1464 3068 nequeenim

410 3080 533 3134 Aurelius
554 3079 624 3132 vict.
643 3097 678 3148 7²
689 3096 698 3141 3
710 3077 803 3130 Frout.
822 3077 873 3143 lv,
891 3093 915 3128 1.
959 3093 1027 3146 opus
1042 3075 1121 3127 fuisse
1134 3073 1256 3140 ridetur,
1270 3091 1301 3130 ut
1313 3077 1461 3150 mtrltospa·

409 3161 556 3212 -Pmus
570 3157 613 3210 Sic
624 3154 699 3210 dedit
711 3155 836 3226 Pighius,
849 3173 915 3225 quo·
958 3154 1023 3206 riter
1035 3154 1142 3206 nuntios
1159 3155 1284 3210 mitteret.

409 3239 481 3292 niam
499 3250 560 3309 post
575 3236 662 3291 Catuli
684 3236 848 3288 consulatum
864 3233 915 3286 hoe
1001 3251 1025 3285 a.
1036 3233 1184 3302 Degeasruts'
1191 3240 1271 3306 patris
1279 3240 1419 3290 evitaturum.
1431 3237 1461 3288 ln

408 3329 496 3371 actura
504 3317 566 3382 luit,
573 3314 659 3368 Mario
664 3317 716 3384 jam
725 3314 847 3384 quintum
855 3331 917 3365 eou-
959 3310 1049 3365 codice
1059 3313 1159 3365 Cauch.
1170 3333 1220 3385 pro
1229 3319 1364 3367 suatum
1373 3329 1412 3368 est
1423 3317 1461 3366 oi·

408 3398 482 3461 sule,
495 3395 542 3468 qui
557 3413 626 3448 anuo
642 3393 778 3465 superiore
791 3405 916 3463 quartum
960 3403 1034 3452 tuns,
1056 3390 1127 3444 unde
1141 3393 1249 3464 Pighius
1263 3395 1379 3466 coniecit
1394 3395 1462 3464 dege·

408 3477 500 3529 ooussd
509 3475 635 3546 collegam
644 3473 772 3526 habuerat
781 3471 914 3524 Catulum.
959 3490 1001 3522 uer
1008 3475 1147 3541 imtipatrr's
1155 3477 1253 3526 strant.
1263 3473 1348 3526 &asu
1358 3473 1460 3546 quidem

409 3553 509 3607 Tamen
529 3573 620 3607 omues
643 3549 722 3605 codd.
746 3562 806 3602 ante
828 3549 915 3620 ipsum
957 3551 1043 3614 boum
1064 3563 1090 3603 at
1113 3563 1205 3604 contra
1223 3552 1355 3606 librorum
1376 3551 1459 3606 iidem.

408 3634 521 3706 expressi
532 3635 602 3706 typis
615 3633 705 3703 legum
716 3631 807 3682 deserto
820 3629 915 3681 cumulo
957 3630 1104 3698 Degenerutr'
1118 3634 1197 3698 putris
1212 3644 1251 3684 est
1270 3633 1368 3704 patris,
1383 3651 1461 3706 aquo

409 3713 507 3767 Catulo.
532 3714 571 3765 lta
595 3725 621 3764 et
646 3713 730 3782 major
751 3727 812 3781 pars
838 3707 913 3762 MSS.
956 3708 1027 3760 filius
1041 3707 1252 3779 degeneraverat.
1265 3713 1306 3764 De
1320 3713 1461 3782 vooedege·

382 3829 388 3844 .
408 3812 505 3846 nomen
522 3792 687 3862 magistratus
706 3806 814 3861 prorsus
835 3788 914 3841 omit·
956 3807 1039 3839 meare
1053 3786 1108 3842 vid.
1125 3789 1216 3844 Heius.
1238 3789 1271 3843 sd
1289 3791 1370 3846 Orid.
1385 3794 1460 3846 Pons.

407 3870 614 3937 tuut;undenos
623 3867 913 3923 uacisinclusimus.-
956 3867 1013 3932 ΠΙ,
1030 3885 1061 3931 ι,
1076 3869 1123 3930 45.

408 3951 508 4004 Eorum.
524 3951 631 4022 Pighius
646 3953 712 4020 ejus,
727 3961 818 4002 contra
831 3947 914 4018 pluri·
997 3947 1022 4000 3.
1044 3949 1079 3999 A.
1095 3948 1204 4001 Fulvius.
1218 3955 1269 4002 Aa.
1285 3951 1321 4002 U.
1340 3955 1409 4020 690.
1423 3985 1462 3996 —

407 4047 511 4082 morum
536 4029 613 4082 MSS.
638 4028 718 4081 fidem
743 4039 770 4080 et
792 4027 911 4080 omnium
956 4027 1055 4080 Filium:
1066 4027 1104 4078 M.
1113 4027 1221 4080 Fulvius
1231 4029 1463 4095 Nobilioristuit,

405 4119 524 4160 veterum
537 4107 685 4160 editionum
699 4125 912 4160 consensum—
954 4109 1028 4176 cujus
1043 4103 1145 4159 Sallust.
1163 4107 1194 4161 Β.
1208 4108 1317 4161 Catiliu.
1333 4128 1391 4180 cap.
1407 4111 1461 4179 39,

407 4185 778 4238 Dicereat.MSS.novemcum
788 4183 908 4256 edldog.
955 4185 1075 4238 meminit
1093 4203 1099 4238 :
1116 4184 1217 4258 videp.
1236 4191 1289 4252 64,
1304 4201 1373 4242 nost.
1396 4189 1462 4242 edit.
1571 4171 1572 4188 l
