3190 5122
237 553 338 622 CAP.
367 548 443 635 ΙΙΙ,
469 547 536 617 DE
564 545 753 615 ABSTIN.
781 545 844 613 ET
872 544 1080 615 CONTIN.
1148 545 1223 620 285

158 683 280 754 indicio
309 669 377 770 est)
405 677 623 776 spectandum
654 677 803 772 praebuit.
833 676 894 745 Ille
921 679 1008 747 enim
1039 680 1225 756 Samnitum

157 792 288 859 divitias
313 788 538 882 contempsit:
567 786 730 854 Samnites
756 785 826 878 ejus
857 799 1086 879 paupertatem
1116 789 1225 858 mirati

157 911 244 966 sunt.
267 897 354 966 Nam
374 919 477 990 quum
499 891 541 961 ad
561 917 637 962 eum
661 915 819 987 magnum
849 892 921 960 auri
938 891 1067 986 pondus
1093 893 1225 988 publice

157 1006 294 1072 missum
322 1002 520 1088 attulissent,
549 1001 699 1094 benignis
726 999 835 1068 verbis
863 1000 1019 1068 invitatus
1047 1015 1085 1069 ut
1107 1025 1148 1070 co
1176 1005 1225 1072 uti

158 1109 274 1198 vellet,
294 1123 329 1177 et
347 1108 475 1177 vultum
495 1109 562 1175 risu
582 1105 695 1190 solvit,
718 1120 751 1174 et
767 1107 935 1200 protinus:
959 1107 1225 1200 «supervacuae,

159 1217 282 1310 inquit,
302 1240 343 1284 ne
363 1215 470 1284 dicam
491 1215 610 1309 ineptae
628 1213 798 1308 legationis
815 1214 969 1296 ministri,
987 1230 1117 1284 narrate
1130 1217 1224 1284 Sam·

160 1323 298 1410 nitibus,
320 1324 367 1390 Μ.
397 1323 536 1392 Curium
563 1319 661 1389 malle
683 1318 901 1414 locupletibus
923 1321 1101 1413 imperare,
1124 1347 1225 1416 quam

161 1431 268 1524 ipsum
282 1428 355 1498 fieri
369 1427 588 1524 locupletem,
606 1441 704 1520 atque
718 1425 804 1494 istud
817 1439 853 1494 ut
869 1427 1066 1520 pretiosum,
1081 1428 1125 1496 ita
1138 1429 1226 1498 malo

162 1535 334 1604 bominum
361 1537 584 1628 excogitatum
607 1557 727 1601 munus
749 1531 920 1618 refertote,
946 1547 980 1600 et
1004 1549 1225 1621 mementote,

161 1667 214 1710 me
236 1667 298 1710 nec
316 1643 387 1711 acie
407 1642 510 1726 vinci,
532 1665 594 1709 nec
612 1641 751 1733 pecunia
771 1640 939 1734 corrumpi
957 1663 1091 1733 posse.»

215 1748 309 1816 Idem
337 1745 463 1840 quum¹
493 1744 588 1814 Italia
612 1746 776 1840 Pyrrhum
806 1769 916 1839 regern
942 1749 1120 1840 exegisset,
1144 1747 1227 1817 nibil

162 1856 299 1922 omnino
323 1877 363 1920 ex
382 1851 493 1948 praeda
512 1855 618 1946 regia,
645 1877 710 1946 qua
733 1855 914 1921 exercitum
936 1852 1120 1947 urbemque
1138 1853 1230 1924 dita·-x

161 1973 274 2044 verat,
296 1961 412 2054 attigit.
431 1960 581 2028 Decretis
603 1960 702 2027 etiam
724 1973 876 2028 asenatu
895 1961 1036 2053 septenis
1054 1960 1227 2055 jugeribus

163 2067 235 2160 agri
251 2064 392 2160 populo,
413 2065 474 2134 sibi
490 2080 601 2134 autem
621 2067 876 2160 quinquaginta,
893 2065 1060 2160 popularis
1079 2070 1227 2162 assigna-

163 2173 262 2240 tionis
281 2172 416 2240 modum
434 2197 501 2241 nou
523 2169 699 2258 excessit²;
724 2197 842 2266 parum
861 2171 1016 2240 idoneum
1041 2174 1228 2267 reipublieae

163 2279 270 2346 civem
289 2280 493 2366 existimans,
511 2280 567 2373 qui
582 2303 636 2366 eo,
657 2278 751 2372 quod
765 2277 898 2374 reliquis
911 2279 1131 2370 tribueretur,
1148 2305 1227 2351 con·
1261 2283 1266 2292 '

162 2398 274 2454 tentus
295 2409 363 2452 non
379 2401 472 2455 esset.

217 2490 251 2560 6.
265 2491 359 2560 Idem
370 2477 488 2562 sensit³
502 2489 670 2560 Fabricius
684 2493 861 2579 Luscinus,
875 2491 1058 2562 honoribus
1072 2507 1106 2562 et
1119 2509 1229 2564 aucto·

162 2598 259 2666 ritate
275 2600 365 2667 omni
383 2601 514 2668 civitate
529 2598 734 2692 temporibus
749 2599 815 2666 suis
830 2600 950 2692 major,
966 2624 1067 2668 censu
1080 2625 1142 2694 par
1155 2603 1228 2670 uni-

162 2707 282 2799 cuique
300 2707 537 2802 pauperrimo:
557 2706 615 2800 qui
634 2727 653 2772 a
671 2705 886 2798 Samnitibus,
911 2729 994 2798 quos
1008 2708 1180 2776 universos
1195 2709 1229 2775 in

163 2809 315 2881 clientela
326 2811 487 2900 babebat,
500 2811 615 2882 decem
634 2813 721 2898 aeris,
742 2825 775 2878 et
786 2813 930 2904 quinque
943 2800 1071 2904 pondo*
1086 2815 1228 2906 argenti,

164 2918 366 3012 totidemque
385 2943 498 2988 servos
513 2918 573 2988 sibi
591 2919 727 3002 missos,
744 2919 778 2984 in
797 2919 968 2984 Samnium
986 2919 1127 3004 remisit,
1149 2943 1228 2986 con-

165 3025 310 3092 tinentiae
334 3049 399 3094 suae
421 3025 582 3093 beneficio
609 3025 678 3093 sine
703 3023 844 3117 pecunia
865 3021 1040 3115 praedives,
1072 3024 1141 3091 sine
1167 3047 1230 3092 usu

166 3128 298 3197 familiae
310 3130 440 3199 abunde
453 3134 629 3200 comitatus
645 3155 652 3198 :
667 3131 745 3224 quia
758 3125 955 3220 locupletem
967 3127 1059 3196 illum
1075 3127 1230 3218 iaciebat,

167 3259 235 3302 non
257 3234 361 3302 multa
382 3237 564 3330 possidere,
590 3236 648 3306 sod
667 3235 797 3304 modica
811 3233 1006 3303 desiderare
1016 3221 1037 3302 ⁵.
1059 3237 1149 3329 Ergo
1171 3235 1229 3304 do·

213 3443 237 3478 1.
259 3427 325 3478 Idem
341 3447 425 3498 quum,
438 3439 486 3480 etc.
500 3429 549 3480 An.
561 3427 596 3480 U.
610 3429 675 3498 478.
764 3434 789 3491 4.
814 3427 925 3499 (larisque
937 3427 1026 3498 pondo.
1050 3426 1151 3480 Gellius
1172 3427 1231 3482 loco

169 3503 234 3558 Vid.
253 3505 320 3558 Plin.
334 3507 637 3574 XVI,38;Colum.I,
651 3509 677 3560 3.
722 3507 801 3560 citato
821 3506 931 3578 prodit,
955 3507 1084 3560 Samnites
1103 3507 1140 3559 illi
1159 3505 1231 3560 douo

213 3603 239 3638 a.
261 3585 390 3658 Popularia
392 3626 438 3640 .....
451 3591 557 3640 excessit.
572 3586 679 3659 Septem
721 3587 847 3641 obtulisse
856 3585 981 3658 grandem
991 3587 1138 3657 pecuniam.
1151 3587 1230 3641 Unde

168 3677 273 3718 tantum
285 3668 375 3736 jugera
387 3667 494 3738 accepit.
597 3697 601 3704 ·
721 3667 875 3738 Pigb.recte
885 3667 1151 3738 conjicit,numerum
1160 3667 1231 3740 apud

212 3747 238 3799 3.
250 3745 316 3798 Idem
330 3751 417 3808 sensit,
434 3759 483 3800 etc.
497 3749 547 3800 Aa.
560 3748 596 3801 U.
611 3751 677 3811 sto.
723 3749 780 3799 vat.
791 3765 845 3799 esse
854 3757 1017 3816 corruptum.
1026 3747 1140 3801 Etiamsi
1149 3747 1229 3802 ecod.

169 3825 239 3878 Gell.
250 3827 277 3891 1,
296 3832 339 3890 14.
356 3857 396 3868 -
412 3827 538 3879 Fabricio
553 3829 677 3880 Lasciuos.
723 3825 907 3879 Gemblacensi
923 3827 1109 3880 substituamus
1123 3829 1191 3892 XV,
1202 3829 1231 3880 il-

136 3960 139 3965 ,
169 3905 247 3958 Curii
264 3904 316 3958 luit
331 3907 446 3978 aequalia.
467 3907 502 3958 Et
519 3925 602 3978 quum
620 3907 678 3979 pari
721 3907 825 3977 liusque
838 3905 899 3973 aevi,
912 3923 965 3977 quo
981 3910 1065 3977 majus
1078 3908 1128 3960 fuit
1139 3925 1232 3960 numo·

168 3999 236 4038 esset
247 3986 421 4053 abstinentia,
431 3987 678 4051 sacramencum
721 4003 782 4038 rum
793 3984 908 4056 pretium
917 4026 924 4052 ,
933 3986 1076 4041 babeamus
1086 3989 1230 4055 rationem

169 4063 294 4136 idemque
313 4067 345 4118 ah
368 4067 424 4120 aliis
444 4067 545 4132 Curio,
567 4067 600 4120 ab
622 4067 679 4120 aliis
724 4065 780 4119 bec
794 4079 881 4118 tamen
897 4077 935 4119 est
946 4067 1077 4121 levissima
1090 4087 1198 4123 summa.

170 4144 290 4198 Fabricio
317 4147 487 4202 tribueretur.
508 4179 547 4194 -
566 4147 677 4204 Cottae.
768 4145 902 4198 &Modica
913 4147 1046 4202 desiderare
1068 4148 1119 4206 llic
1128 4149 1161 4203 de
1170 4169 1230 4203 eon·

171 4225 260 4294 Vulgo
276 4227 340 4279 cive.
729 4225 837 4280 tinentia
849 4227 973 4300 loquitur.
