3168 5124
298 538 408 606 CAP.
438 536 514 620 ΙΙΙ,
542 534 610 603 DE
638 532 977 602 SEVERITATE.
1095 534 1168 632 437

95 695 173 764 gnae
194 672 344 739 omniurn
365 668 571 738 Albanorum
589 667 716 755 victor,
733 689 838 761 quum
860 690 900 735 ex
920 665 975 734 illa
993 663 1172 739 clarissima
1230 719 1233 726 -

96 780 173 848 acie
196 777 333 847 domum
360 789 532 872 repetens,
559 797 707 844 sororem
730 797 824 842 suam
844 773 1008 868 virginem
1030 777 1172 847 Curiatii

96 887 214 980 sponsi
238 899 382 954 mortem
403 881 590 978 profusius,
610 905 710 976 quam
735 878 790 949 illa
809 894 889 950 aetas
909 879 1070 969 debebat,
1084 883 1171 952 flen-

96 1007 169 1061 tem
187 991 340 1079 vidisset,
357 988 483 1087 gladio,
501 1014 569 1084 quo
587 988 702 1084 patriae
726 1011 797 1055 rem
820 987 904 1057 bene
930 1003 1093 1082 gesserat,
1114 989 1167 1060 in·

99 1101 255 1183 teremit3
271 1123 390 1194 parum
410 1097 550 1193 pudicas
570 1109 661 1164 ratus
682 1093 854 1183 lacrimas,
867 1119 941 1190 quse
959 1120 1172 1191 praepropero

96 1208 208 1274 amori
225 1205 410 1274 dabantur:
427 1229 526 1300 quem
538 1203 604 1272 hoc
618 1203 752 1271 nomine
768 1200 878 1271 reum¹
902 1201 992 1296 apud
1010 1201 1172 1298 populum

97 1327 215 1381 aetum
238 1327 332 1408 pater
361 1311 517 1381 defendit.
537 1312 590 1378 Ita
606 1307 707 1404 paulo
722 1309 920 1403 propensior
936 1308 1065 1378 animus
1079 1309 1171 1404 puel-

97 1417 139 1489 lae
150 1419 192 1488 ad
207 1421 402 1489 memoriam
416 1418 520 1487 futuri
533 1418 611 1504 viri,
627 1431 661 1484 et
675 1415 972 1486 fratremlerocem
989 1414 1172 1504 vindicem,

98 1541 133 1594 et
151 1526 305 1596 vindictae
324 1541 391 1594 tam
411 1522 555 1619 rigidum
574 1546 779 1592 assensorem
795 1535 924 1617 patrem
942 1521 1069 1592 habuit.

158 1684 190 1754 7.
211 1655 384 1729 Consimili
403 1657 577 1726 severitate
593 1671 726 1725 senatus
744 1669 860 1748 postea
875 1679 956 1725 usus
968 1653 991 1744 ²,
1009 1657 1066 1750 Sp.
1087 1655 1171 1726 Pos-

98 1767 209 1834 tumio
228 1764 349 1832 Albino
371 1764 466 1852 etQ.
487 1763 616 1831 Marcio
638 1761 793 1856 Philippo
818 1760 1010 1832 consulibus
1029 1761 1171 1831 manda-

97 1874 170 1958 vit,
189 1885 228 1940 ut
248 1869 290 1938 de
306 1870 378 1956 his,
393 1894 466 1964 quae
484 1871 584 1939 sacris
602 1867 860 1937 Bacchanalium
874 1869 998 1938 inceste
1015 1893 1083 1939 usae
1100 1869 1170 1938 fue·

98 1992 180 2046 rant
194 2031 204 2067 ,
219 1977 471 2070 inquirerent3a
485 1975 604 2070 quibus
621 2000 725 2070 quum
743 1972 856 2044 multas
869 1989 978 2044 essent
991 1975 1170 2063 damnata,

98 2085 136 2152 in
155 2109 271 2154 omnes
285 2097 443 2179 cognatas
458 2084 545 2151 intra
562 2081 680 2151 domos
697 2080 1021 2170 animadverterunt;
1041 2079 1171 2176 lateque

100 2206 221 2286 patens
239 2189 410 2285 opprobrii
425 2189 636 2277 defonnitas,
655 2189 828 2258 severitate
847 2187 998 2283 supplicii
1016 2187 1170 2258 emenda·

100 2313 136 2366 ta
151 2313 217 2386 est3
235 2299 312 2391 quia
328 2311 489 2392 quantum
507 2295 637 2365 ruboris
653 2296 778 2364 civitati
794 2309 915 2364 nostrae
929 2293 1083 2364 mulieres
1101 2308 1170 2363 tur·

100 2407 191 2498 piter
206 2429 240 2473 se
259 2404 405 2498 gerendo
424 2406 647 2492 incusserant,
667 2415 796 2473 tantum
816 2401 921 2472 laudis
940 2401 1085 2496 graviter
1103 2425 1169 2496 pu·

101 2513 181 2580 nitae
199 2509 389 2582 attulerunt.

101 2703 181 2758 MSS.
205 2705 405 2777 quatuordecim
422 2707 547 2774 Eorrenii
566 2707 614 2760 ha·
657 2703 817 2760 litiem.Vid.
828 2704 1169 2776 Lir.NostT.r,pag·81.

101 2785 168 2837 hent
178 2789 259 2856 prius.
270 2786 398 2853 Quadam
410 2786 472 2840 edd.
486 2800 544 2858 pust
551 2807 616 2858 proe·
702 2806 727 2840 a.
746 2787 816 2838 Usru.
832 2788 883 2838 An.
898 2787 934 2838 U.
953 2783 1019 2856 567.
1033 2784 1138 2850 Livius,
1148 2785 1168 2837 l.

100 2865 174 2926 dum,
184 2865 241 2918 aliu
250 2868 410 2938 postproeb'o.
424 2865 478 2920 Sed
489 2887 549 2920 unus
558 2886 614 2920 non
658 2867 791 2931 XXXIX,
803 2884 827 2918 c.
844 2869 887 2921 18.
899 2864 1025 2918 Mulieres
1039 2861 1169 2918 damnatis

101 2943 238 3017 improbat
251 2941 496 3019 Torrenitis,quod
508 2945 615 3001 ridetur
659 2958 705 3000 aut
715 2945 848 3018 cognatis,
861 2957 907 2998 aut
918 2946 947 2998 in
961 2963 1077 3018 quorum
1093 2955 1169 3014 pote·

101 3023 146 3076 hic
170 3043 226 3078 esse
248 3045 358 3079 acumen
374 3027 475 3080 Valerii
498 3031 569 3080 triruu
588 3039 616 3081 et
658 3037 725 3080 state
739 3037 841 3092 essent,
857 3022 960 3078 traditu
976 3036 1052 3091 sunt,
1067 3035 1099 3077 ut
1117 3023 1169 3096 ipsi

102 3103 203 3158 deinde
216 3109 319 3158 omnium
331 3106 499 3179 opponentis.
658 3106 784 3178 privatim
806 3103 1045 3158 animadverterent
1064 3103 1093 3156 in
1117 3121 1169 3158 eas.

145 3203 173 3239 r.
185 3186 269 3239 lieren.
279 3187 377 3238 Parum
387 3187 560 3258 abluit,qnin
570 3187 616 3240 tri·
659 3185 687 3239 si
699 3205 779 3239 neruo
794 3197 850 3239 erat
865 3183 977 3238 idoneus
992 3182 1116 3256 supplicii
1128 3202 1170 3237 ex·

103 3264 617 3338 atissimosupplicioverberatusetsus·
659 3263 1169 3338 actor,iupubliooauimadvertebatur.

102 3362 202 3412 pensus
214 3359 362 3401 necaretur.
378 3344 430 3400 Sed
445 3358 522 3418 pater
532 3345 615 3399 filiam
659 3379 700 3389 -
715 3347 806 3399 Inoerte
821 3367 880 3400 usoe.
898 3345 942 3399 Sic
961 3357 1032 3399 recte
1050 3342 1170 3415 reposuit

101 3425 163 3492 jure
177 3443 270 3478 caesam
283 3425 421 3496 judicans,
430 3426 533 3491 oravit,
544 3445 578 3479 ne
589 3445 616 3480 se
659 3425 803 3498 Kappius,
828 3425 984 3479 auctoritate
1008 3424 1169 3496 optimarum

104 3505 230 3559 omnihus
252 3505 342 3560 liberis
368 3507 485 3560 lacerent
510 3507 615 3559 orbum.
659 3501 1168 3576 eddneoaliterlegissevideuturMSS.

104 3584 210 3638 Deinde
220 3584 379 3658 quibusdam
390 3586 568 3659 piacularibus
579 3605 617 3639 sa·
659 3585 689 3638 in
704 3587 800 3657 quibus
821 3598 879 3638 est:
896 3589 991 3636 inceste
1005 3603 1055 3636 usoe
1069 3583 1112 3636 vel
1131 3585 1169 3635 iu-

104 3665 211 3717 orificiis
222 3667 297 3719 factis
307 3665 433 3720 Horatius
441 3678 558 3720 servatus
568 3679 615 3720 est.
660 3679 731 3718 cestre
738 3671 810 3727 oure,-
817 3683 878 3718 narn
888 3664 916 3716 in
923 3664 1000 3718 MSS.
1008 3663 1169 3735 diphthongi

105 3743 139 3795 Et
159 3763 190 3797 re
204 3763 266 3800 vera
285 3746 368 3799 nimia
387 3747 438 3799 luit
455 3760 481 3800 et
496 3746 618 3800 immanis
660 3746 990 3810 rarissimeoccurrunt,et
998 3742 1125 3797 credibile
1133 3756 1173 3797 est

106 3821 213 3877 Horatii
227 3827 332 3880 ferocia.
352 3827 419 3891 Quis
435 3827 507 3880 enirn
522 3826 617 3878 huma·
660 3826 690 3879 in
703 3825 736 3878 iis
749 3825 824 3879 MSS.
834 3825 913 3878 fuisse
924 3827 1011 3878 inceste
1019 3822 1093 3896 quod
1104 3823 1172 3878 male

105 3903 196 3957 nitatis
215 3925 293 3959 sensu
309 3923 365 3958 nou
381 3917 489 3970 exutus,
510 3905 617 3958 tenellas
661 3905 690 3957 in
700 3909 795 3957 incesroe
804 3917 949 3958 mutarunt.
959 3906 1124 3958 lacesserem
1133 3915 1172 3958 est

106 3985 204 4038 sororis
217 3987 352 4050 lacrimas,
362 4004 457 4057 easque
471 3984 505 4039 de
520 4004 617 4057 sponso
661 3983 819 4038 adverbium
833 3986 861 4038 in
876 3985 928 4038 hoc
941 3985 1027 4040 Cicer.
1046 3985 1106 4040 loco
1122 4004 1172 4057 pro

106 4076 217 4132 necato,
237 4078 348 4120 cruento
363 4065 434 4118 ferro
449 4066 618 4136 punivisset?
662 4065 759 4131 Coelio,
769 4073 819 4130 14:
834 4065 868 4118 Ut
883 4084 912 4117 ea
928 4077 954 4117 tu
967 4070 1053 4117 inceste
1067 4077 1171 4127 utet-m,

108 4141 158 4194 Sed
177 4160 206 4199 ut
225 4167 286 4200 raro
301 4146 426 4199 mortales
446 4143 563 4198 medium
579 4157 619 4198 te·
662 4145 709 4216 qui
721 4159 816 4200 nostra
828 4145 1174 4218 quoquelectionipatroci·

109 4243 204 4292 nuere,
214 4229 250 4280 sic
261 4229 331 4280 inter
337 4227 502 4281 severitatem
512 4239 537 4280 et
545 4227 619 4278 -mol-
664 4237 751 4278 natur.

936 4323 1006 4407 28³
