3168 5124
380 498 483 566 CAP.
512 499 556 580 V,
579 499 644 565 DE
672 497 908 564 IUSTITIA.
1110 504 1185 595 [349

113 631 268 721 consule,
283 631 385 699 verba
402 629 577 698 deditionis
595 630 719 724 scripta
739 645 853 717 erant,
874 629 992 699 doctus
1011 645 1077 718 est,
1102 632 1185 704 Fali-

114 767 189 809 scos
209 764 277 808 non
294 738 451 834 potestati
460 735 481 824 ¹,
496 735 553 805 sed
568 735 646 804 fidei
664 760 698 804 se
718 738 947 805 Romanorum
965 739 1184 827 commisisse,

113 872 248 916 omnem
261 849 344 914 iram
358 843 488 940 placida
501 857 612 911 mente
625 842 792 937 deposuit,
807 845 998 937 pariterque
1012 860 1046 914 et
1059 845 1184 916 viribus

112 955 201 1040 odii,
219 979 288 1023 non
304 977 382 1022 sane
402 947 497 1020 facile
515 951 603 1017 vinci
622 950 776 1036 assuetis,
794 964 828 1018 et
845 951 993 1018 victoriae
1009 951 1186 1046 obsequio,
1211 995 1218 1002 ·

112 1085 187 1154 quae
204 1059 450 1155 promptissime
467 1055 634 1125 licentiam
654 1056 897 1143 subministrat,
913 1080 955 1124 ne
969 1057 1101 1151 justitie
1118 1085 1185 1130 suae

113 1166 257 1254 deesset,
273 1167 407 1236 obstitit.
423 1160 548 1246 Idem²,
562 1187 665 1257 quum
678 1165 713 1231 P.
725 1161 884 1232 Claudius
898 1165 1112 1255 Camerinos,
1123 1167 1183 1236 du·

112 1289 171 1341 ctu
187 1288 286 1368 atque
304 1272 458 1367 auspiciis
478 1271 544 1339 suis
561 1283 695 1363 captos,
709 1268 771 1337 sub
786 1269 883 1338 hasta
895 1269 1110 1358 vendidisset,
1123 1278 1184 1344 etsi

113 1382 266 1448 aerarium
288 1379 447 1474 pecunia,
466 1375 548 1444 fines
567 1376 655 1469 agris
673 1388 788 1444 auctos
807 1376 1111 1468 animadvertebat,
1131 1395 1184 1450 ta-

113 1488 295 1581 men,quia
306 1509 425 1580 parum
437 1481 561 1576 liquida
572 1480 639 1550 fide
651 1480 685 1549 id
694 1495 822 1578 gestum
833 1482 876 1550 ab
887 1484 1087 1578 imperatore
1099 1487 1186 1556 vide

112 1591 226 1679 batur,
242 1593 386 1661 maxima
404 1613 486 1658 cura
503 1588 706 1682 conquisitos
725 1587 879 1676 redemit,
894 1591 999 1683 iisque
1015 1591 1186 1663 babitandi

111 1702 221 1793 gratia
241 1697 351 1766 locum
371 1699 406 1787 iu
424 1696 591 1764 Aventino
616 1696 813 1789 assignavit,
828 1709 862 1763 et
881 1696 1005 1790 praedia
1027 1701 1185 1768 restituit:

111 1806 288 1898 pecuniam
304 1805 402 1872 etiam
416 1828 485 1871 non
499 1801 541 1871 ad
561 1803 687 1870 curiam
695 1787 719 1890 ³,
731 1801 788 1871 sed
804 1801 847 1872 ad
862 1805 1004 1872 sacraria
1022 1805 1186 1875 aedifican-

111 1911 175 1996 da,
192 1909 418 2004 sacrificiaque
436 1907 587 1980 facienda
604 1909 740 1996 tribuit;
756 1909 957 2002 justitiaeque
973 1915 1186 2007 promptissi-

112 2043 169 2085 mo
188 2031 303 2085 tenore
322 2017 452 2104 effecit,
473 2030 512 2084 ut
529 2015 628 2086 exitio
653 2039 713 2090 suo
737 2013 840 2086 laeteri
862 2031 1018 2112 possent,
1040 2021 1117 2112 quia
1140 2022 1186 2089 sic

111 2126 217 2192 renati
240 2138 343 2192 erant.

164 2231 334 2300 Moenibus
352 2233 496 2320 nostris,
516 2246 551 2300 et
575 2232 723 2300 finitimis
748 2232 957 2327 regionibus,
977 2259 1051 2328 quae
1074 2235 1185 2305 adhuc

110 2335 207 2405 retuli
221 2365 231 2423 3
247 2337 336 2432 quod
356 2340 523 2432 sequitur,
542 2364 603 2434 per
623 2353 730 2407 totum
747 2353 912 2408 terrarum
934 2339 1051 2410 orbem
1069 2365 1183 2410 mana-

111 2431 184 2512 vitl:
202 2431 435 2514 Timochares⁵
448 2445 681 2515 ambraciensis
696 2444 848 2515 Fabricio
866 2445 996 2516 consuli
1017 2445 1182 2542 pollicitus

148 2663 171 2698 r.
185 2647 317 2698 Potestatr'.
329 2645 383 2710 Qui
398 2646 522 2716 potestati
536 2645 620 2698 victo·
668 2646 696 2698 iu
719 2665 775 2716 quo
794 2646 923 2706 curiones,
941 2666 1013 2699 sacra
1035 2648 1180 2716 faciebant,

104 2723 172 2798 ris-se
178 2724 279 2786 tradit,
288 2727 344 2797 ejus
351 2725 490 2778 arbitrium
501 2726 619 2796 peu'mr:
667 2724 741 2796 quod
751 2725 874 2796 ignorans
886 2727 1016 2798 interpres
1028 2725 1180 2800 adscripsis-

104 2805 149 2874 qui
160 2803 244 2870 fidei,
253 2825 299 2859 seu
312 2806 455 2872 clientela,
469 2805 581 2877 gratiam
594 2817 621 2858 et
665 2817 705 2858 set
713 2825 761 2857 non
768 2806 905 2868 adcurr'am,
915 2807 959 2858 sed
963 2811 1080 2860 sacraria.
1088 2808 1178 2882 Kapp.

101 2887 236 2938 auxilium
249 2899 390 2956 exspectat.
665 2903 729 2938 vero
742 2885 1070 2957 sicexplicat:pecunia1n
1079 2907 1133 2942 non
1144 2889 1177 2942 ad

144 2984 168 3018 a.
190 2966 273 3018 Idem.
283 2966 386 3036 Nempe
401 2965 518 3036 populus
532 2983 620 3017 roura·
665 2983 727 3016 usus
747 2965 885 3036 politicos,
899 2963 945 3017 sed
961 2964 994 3017 ad
1010 2986 1071 3018 usus
1087 2987 1176 3022 sacros

102 3061 163 3109 nus,
172 3065 234 3098 non
241 3065 305 3098 vero
314 3045 491 3116 Papirius.—
499 3046 531 3097 P.
543 3043 619 3097 Clau·
665 3042 802 3110 adhibuit,
811 3063 863 3115 qua
872 3047 1001 3115 putabant
1010 3047 1112 3120 antiqui
1123 3067 1178 3102 sce·

101 3123 160 3177 ἀίω.
169 3127 243 3191 Quis
251 3126 331 3178 suerit
340 3125 393 3188 ille,
403 3143 482 3176 nemo
492 3125 621 3196 interpre-
664 3123 706 3176 lus
718 3143 794 3196 posse
809 3123 901 3178 deleri.

101 3213 157 3256 tum
168 3205 251 3258 dixit.
263 3205 387 3276 Kappius
398 3204 546 3275 suspicetur
559 3203 620 3258 luis·
707 3210 733 3266 4.
755 3204 874 3258 Manava.
889 3207 940 3258 An.
960 3206 994 3258 U.
1018 3205 1084 3276 475.
1103 3209 1175 3264 Plut.

100 3300 127 3334 se
142 3286 275 3355 collegam
288 3286 319 3338 L.
332 3283 407 3336 Junii
422 3284 451 3336 In
464 3284 617 3346 consulatu,
663 3284 692 3335 in
705 3283 825 3353 Pyrrho;
834 3284 891 3337 Cio.
908 3283 963 3337 OII.
976 3285 1032 3351 III,
1049 3305 1082 3337 υ
1094 3306 1101 3351 ;
1114 3289 1173 3342 Liv.

102 3362 172 3418 bello
187 3367 289 3438 punico
302 3365 400 3436 primo.
413 3395 453 3405 -
468 3362 619 3417 Camerinos.
664 3363 801 3428 XXXIX,
817 3363 849 3417 51
862 3383 869 3428 ;
887 3363 971 3417 Tacit.
993 3367 1065 3418 Anu.
1078 3367 1123 3434 11,
1140 3371 1156 3423 8
1165 3389 1173 3434 ;
1190 3390 1194 3394 ·

103 3443 619 3514 A.U.cire.485.Cameriumpulcbrum
664 3444 760 3497 AElian.
777 3444 848 3509 XII,
867 3443 920 3508 33;
938 3443 1028 3498 Senec.
1042 3463 1084 3516 ep.
1103 3467 1172 3514 ¹²03

103 3520 171 3576 Latii
186 3523 333 3596 oppidum,
345 3523 449 3576 colonia
463 3523 618 3576 romanafa·
662 3521 731 3575 Gell.
744 3523 801 3588 111,
824 3526 857 3587 8;
876 3523 1008 3576 Ammian.
1027 3525 1125 3592 XXX,
1142 3547 1171 3593 1;

103 3614 144 3653 cte
157 3624 207 3674 per
219 3605 363 3656 Romulum
377 3615 404 3654 et
416 3603 523 3654 Tatium
534 3621 615 3672 reges.
661 3601 783 3656 Frontin.
803 3603 854 3668 IV,
872 3609 904 3669 4,
924 3621 937 3653 a
950 3623 964 3690 't
977 3603 1048 3658 Flor.
1065 3606 1095 3670 I,
1121 3611 1154 3662 18
1168 3649 1176 3674 ,

102 3679 176 3737 Vett.
185 3683 248 3737 edd.
259 3696 285 3736 et
294 3682 415 3754 quedam
424 3683 481 3733 aliu
494 3682 614 3736 Cameria.
663 3700 713 3747 213
725 3682 837 3752 Eutrop.
851 3683 894 3748 11,
909 3685 935 3736 8.

143 3764 170 3816 3.
193 3765 252 3817 Non
266 3764 301 3813 ad
312 3767 411 3814 curiam.
432 3761 486 3813 Ilus
505 3780 582 3814 voces
599 3781 615 3815 a
702 3762 727 3814 5.
740 3762 899 3814 Timochares.
910 3759 1170 3834 Quadrigarius,lib‚

101 3840 245 3908 glossatore
273 3841 389 3914 quodam
418 3839 530 3911 adjectas
559 3861 614 3894 esse
659 3841 716 3906 111,
730 3859 783 3892 non
800 3843 979 3904 Timocharem,
992 3842 1039 3896 sed
1049 3843 1170 3911 Niciam,

101 3924 213 3976 Torren.
226 3935 319 3994 putat,
332 3920 405 3992 quod
419 3921 458 3972 illi
470 3921 560 3974 otiose
572 3921 614 3974 vi·
658 3917 753 3973 adiisse
768 3922 921 3986 consulem,
933 3941 1019 3994 neque
1033 3943 1048 3975 a
1061 3938 1170 3988 senatu,

102 3997 213 4069 dentum
228 4004 271 4055 vel
285 3997 423 4055 Vale'rium
435 4001 569 4071 scripsisse
579 4001 616 4053 ad
658 3997 704 4054 sed
717 4019 731 4051 a
745 4001 898 4054 consubbue
912 4001 1035 4056 Fabricio
1048 4015 1075 4054 et
1086 4007 1170 4057 AEmi·

101 4086 192 4136 curtam
201 4083 337 4154 oedficand.
348 4080 612 4152 etsacrIficiafacieud.
658 4081 695 4132 lio
704 4079 796 4132 missos
806 4081 922 4151 legatos,
936 4093 962 4134 et
973 4083 1107 4154 Pyrrhum
1120 4104 1170 4156 po-

102 4164 450 4233 pereni-iamintelligentem
458 4161 614 4228 sacrarium,
658 4161 722 4234 pulo
731 4179 798 4214 rom.
807 4159 1172 4236 laudes,acgratiasseripsi1·

154 4292 184 4358 1.
946 4313 994 4388 ας)
