3184 5132
348 573 353 587 x
405 511 476 558 120
608 485 833 554 vanarn
865 485 1071 554 nixum
1104 487 1198 554 ma.
1228 489 1279 555 11.

400 635 466 688 tem
490 633 615 688 metum
636 619 804 706 vincente,
825 641 946 712 pueros
967 617 1009 686 ad
1036 619 1142 712 ripam
1167 618 1293 687 Tiberis
1314 621 1466 714 protinus

401 722 518 794 detulit
538 719 729 813 (habitabat
746 725 883 792 enimin
895 721 971 791 villa
987 747 1045 792 sua
1064 739 1200 818 propter
1211 727 1323 794 vicum
1337 726 1468 796 Sabine

399 831 543 926 regionis
561 821 719 932 Eretpm)
738 853 776 898 ac
791 829 888 898 lintre
902 831 1028 900 Ostiam
1043 845 1172 924 petens,
1190 845 1287 900 nocte
1301 833 1463 901 concubia

401 936 443 1004 ad
465 937 624 1004 Martium
646 960 800 1030 campum
828 934 979 1030 appulit:
1002 936 1249 1030 sitientibusque
1271 940 1366 1032 aegris
1384 963 1463 1008 suc-

401 1066 535 1114 currere
556 1043 705 1136 cupicns,
727 1044 802 1136 igne
820 1044 853 1110 in
872 1043 1004 1136 navigio
1022 1067 1090 1111 non
1109 1057 1320 1136 suppetente,
1341 1068 1382 1112 ex
1402 1069 1462 1138 gu-

402 1148 576 1216 bematore
591 1149 774 1242 cognoscit,
791 1147 879 1216 haud
895 1147 1011 1242 procul
1031 1172 1191 1242 apparere
1206 1148 1334 1217 fumum
1349 1175 1356 1216 :
1372 1164 1405 1218 et
1419 1150 1461 1217 ab

401 1279 440 1322 eo
451 1255 560 1346 jussus
573 1253 684 1348 egredi
698 1252 893 1322 Terentum¹
910 1248 962 1341 (id
977 1255 1007 1322 ei
1023 1251 1097 1322 loco
1110 1279 1231 1322 nomen
1247 1249 1463 1350 est)‚cupide

400 1373 532 1453 arrepto
557 1359 673 1444 calice,
692 1383 809 1452 aquam
833 1359 967 1427 flumine
991 1359 1161 1448 haustam,
1182 1385 1222 1429 co
1243 1360 1332 1429 unde.
1352 1360 1463 1430 firmus

400 1480 470 1534 erat
497 1466 648 1551 obortus,
671 1465 739 1557 jam
762 1463 866 1534 laetior
890 1463 1040 1560 pertulit,
1062 1465 1217 1534 divinitus
1235 1465 1303 1535 dati
1327 1466 1462 1535 remedii

399 1573 490 1666 quasi
505 1573 639 1666 vestigia
652 1569 802 1664 quaedam
818 1572 851 1638 in
863 1573 1050 1666 propinquo
1065 1587 1199 1640 nactum
1213 1597 1247 1642 se
1257 1573 1461 1641 existimans:

399 1681 497 1772 inque
517 1676 586 1746 solo
601 1677 704 1770 magis
723 1674 904 1764 fumante²,
922 1701 1020 1770 quam
1037 1675 1119 1752 ullas
1135 1679 1218 1774 ignis
1230 1678 1373 1746 habente
1388 1677 1462 1746 reli·

400 1785 508 1877 quius,
520 1783 598 1851 dum
611 1783 758 1852 tenacius
771 1807 869 1851 omen
884 1782 1117 1877 apprehendit,
1133 1786 1310 1854 contractis
1319 1781 1461 1870 levibus,

399 1903 433 1958 et
450 1914 522 1983 quac
541 1914 611 1960 sors
627 1887 792 1958 obtulerat
812 1890 1035 1976 nutrimentis,
1054 1891 1213 1984 pertinaci
1233 1891 1351 1985 spiritu
1368 1890 1461 1958 flam·

400 2020 488 2064 mam
515 1997 681 2082 evomuit,
712 1994 968 2090 calefactamque
998 2019 1117 2090 aquam
1145 1997 1254 2091 pueris
1282 1995 1460 2065 bibendam

398 2101 510 2170 dedit:
530 2126 594 2195 qna
608 2116 735 2195 potata,
754 2100 888 2170 salutari
906 2103 1015 2195 quiete
1031 2103 1147 2196 sopiti,
1163 2101 1292 2170 diutina
1304 2103 1338 2170 vi
1352 2102 1459 2172 morbi

398 2221 533 2301 repente
552 2223 629 2275 sunt
648 2205 794 2294 liberati,
813 2208 962 2301 patrique
982 2207 1226 2295 indicaverunt,
1257 2207 1408 2277 «vidisse
1426 2232 1461 2276 se

397 2315 430 2380 in
452 2313 605 2399 somniis,
632 2313 742 2380 nescio
764 2335 783 2379 a
804 2299 894 2406 quo³
921 2312 1058 2381 deorum
1081 2315 1218 2408 spongia
1240 2338 1298 2382 sua
1319 2338 1461 2408 corpora

399 2419 559 2511 pertergi‚
572 2431 605 2484 et
616 2417 763 2511 praecipi,
776 2432 814 2485 ut
824 2417 865 2486 ad
879 2419 964 2488 Ditis
978 2421 1079 2514 patris
1090 2433 1123 2487 ct
1132 2421 1336 2514 Proserpinae
1351 2444 1460 2506 aram,

399 2547 417 2590 a
431 2547 494 2616 qua
507 2522 613 2591 fuerat
628 2525 720 2617 potio
732 2522 930 2618 ipsisallata,
947 2524 1051 2595 furve
1061 2525 1176 2594 hostiae
1194 2525 1458 2612 immolarentur,

400 2741 459 2794 qua
474 2723 662 2794 imperabatur.
676 2755 715 2768 -·
729 2725 838 2778 Eretum.
853 2727 906 2778 Au·
949 2745 1041 2780 omnes
1059 2727 1146 2781 caeteri
1159 2725 1237 2780 codd.
1257 2727 1331 2780 MSS.
1350 2727 1460 2782 alteram

400 2817 473 2856 ctore
482 2802 586 2868 Servio,
598 2803 727 2857 aJunone
738 2803 851 2870 dictum,
860 2823 906 2858 cu·
949 2805 1089 2860 lectionem
1099 2807 1207 2860 habent.
1220 2806 1296 2860 More
1305 2807 1394 2860 minua
1404 2807 1459 2860 usi·

397 2885 439 2952 jus
449 2901 545 2935 nomeu
555 2901 668 2955 grecum
678 2897 716 2936 est
723 2885 800 2946 Here,
813 2896 839 2936 et
848 2903 907 2955 quaa
949 2896 1004 2938 tato
1019 2887 1108 2938 Valer.
1125 2887 1265 2958 loquutum
1282 2905 1350 2952 ease,
1367 2887 1458 2958 negmi

399 2963 907 3035 ibicultasuerit.--Ltntre.Linterge·
948 2966 1057 3037 aequin
1072 2978 1186 3018 attamen
1202 2967 1288 3037 ipsum
1303 2971 1386 3019 eructat
1401 2985 1456 3018 non

399 3060 449 3094 nus
460 3055 499 3094 est
511 3043 639 3096 naviculae
651 3043 751 3106 brevis,
767 3062 798 3095 ex
812 3043 906 3096 arbore
948 3045 1092 3098 satisnobis
1101 3045 1199 3116 placet,
1210 3064 1293 3116 quum
1302 3058 1328 3099 et
1336 3046 1388 3098 boc
1396 3064 1457 3098 rer·

398 3121 903 3193 cavatae,fluminibustrajiciendisaptae.
947 3124 1012 3176 bum
1027 3124 1116 3194 potius
1134 3124 1264 3196 sigufiioet
1283 3126 1334 3178 loco
1351 3145 1456 3187 meere,

397 3232 438 3243 -
452 3201 568 3252 Martium
578 3219 693 3270 campum.
708 3203 822 3273 Campus
836 3202 906 3254 Mar·
946 3203 1062 3272 expellere
1081 3223 1160 3275 quam
1175 3205 1318 3274 proderem,
1342 3209 1455 3258 muare.

398 3280 450 3332 tius
471 3293 534 3332 amc
553 3291 625 3330 extra
644 3279 738 3331 urbem
753 3280 819 3346 init,
840 3281 904 3334 olim
946 3281 1083 3352 Ingeniose
1094 3283 1239 3336 Torrenius
1250 3283 1373 3354 conjicit,
1387 3285 1456 3338 sorte

399 3359 607 3431 Tarquiniorum
617 3375 686 3428 ager.
945 3365 1051 3415 evomuit
1059 3361 1200 3434 legendum
1212 3381 1277 3417 esse.

440 3457 464 3492 1.
483 3441 616 3490 Terenturru
629 3437 693 3489 Pars
703 3436 789 3508 aliqua
800 3437 904 3492 Tiberis
987 3442 1013 3494 3.
1027 3441 1115 3495 Nescio
1127 3462 1143 3493 a
1158 3462 1213 3514 quo.
1227 3442 1269 3495 Sic
1289 3456 1315 3495 et
1334 3443 1454 3496 Zosimus

399 3519 425 3568 in
440 3536 533 3589 campo
546 3517 656 3582 Martio,
669 3514 703 3568 de
717 3535 768 3587 qua
780 3517 902 3587 plurimi,
946 3537 1017 3570 turum
1032 3533 1135 3574 tantum
1148 3520 1246 3575 divinar
1260 3521 1352 3574 formas
1366 3523 1453 3575 virum

398 3614 422 3646 v.
432 3615 455 3648 c.
465 3595 591 3662 Ovidius,
601 3595 742 3662 Martialis,
754 3597 901 3663 Ausonius,
945 3601 1095 3670 apparuisse
1110 3601 1243 3653 refert-
1253 3600 1354 3662 Furuoe.
1373 3600 1401 3653 id
1416 3614 1455 3655 eet

398 3675 557 3726 mentionem
572 3675 679 3728 iaciunt.
944 3677 1033 3748 nigra.
1046 3679 1153 3750 Superis
1161 3681 1233 3734 enim
1241 3681 1454 3734 mactabantalba

438 3771 463 3805 a.
479 3754 604 3807 Fumante.
618 3756 704 3808 Locus
716 3753 759 3807 ille
770 3754 900 3819 fumabat,
944 3757 1080 3824 animalia,
1102 3759 1193 3812 inferis
1210 3759 1294 3830 nigra.
1313 3791 1354 3803 -·
1373 3761 1454 3812 Lecti·

396 3849 444 3883 nec
457 3843 545 3884 tamen
557 3833 610 3886 ulla
622 3835 765 3886 exhalantis
776 3834 842 3904 ignia
853 3835 902 3886 sub
943 3831 1083 3910 eterniaque.
1103 3838 1160 3890 Diis
1172 3839 1244 3890 lectos
1258 3839 1406 3896 sternebant,
1425 3841 1453 3892 in

377 3911 484 3962 *cinere
511 3911 615 3964 latentia
638 3915 709 3985 signa
732 3913 900 3984 apparebant.
944 3917 1039 3987 quibus
1052 3935 1147 3970 eorum
1162 3919 1299 3971 simulacra
1314 3920 1452 3972 accumbe·

395 3989 564 4048 -Evoruur't,
575 3990 603 4042 id
615 4005 666 4059 est,
675 3993 763 4045 elicuit
773 3993 900 4046 continuo
943 4008 1017 4062 rent;
1029 4009 1138 4068 tumque
1144 3997 1217 4051 cibos
1224 3997 1451 4068 apponebanth.

396 4067 459 4120 llam
475 4067 615 4122 flammam.
636 4069 744 4141 Pighius
763 4091 794 4124 ex
809 4071 900 4126 codice
943 4075 1000 4128 Lir.
1011 4077 1049 4140 L,
1062 4077 1107 4145 ⁵9·
1121 4076 1328 4131 Curubanturea
1339 4078 1372 4130 ab
1390 4097 1455 4149 epu·

395 4147 485 4222 Camp.
502 4145 641 4218 legendum
653 4162 728 4220 putat
741 4154 838 4212 emenia·
854 4151 898 4205 sed
943 4153 1062 4220 ionibus,
1073 4169 1118 4209 aut
1132 4175 1147 4209 a
1162 4155 1308 4212 duumviris
1326 4175 1390 4211 sacr.
1402 4158 1450 4211 fac.
