3196 5122
295 426 402 495 CAP.
430 425 524 509 vll,
550 423 618 492 DE
645 423 869 492 FIDUCIA
897 425 994 494 SUI.
1101 427 1175 514 243

174 539 222 640 ll,
244 557 294 626 καὶ
310 557 465 650 κυανέῃσιν
485 557 533 622 ἐπ’
552 556 658 647 ὀφρύσι
672 565 753 622 νεῦσε
770 555 914 646 Κρονίων.

173 663 347 774 Ᾰμβρόσιαι
360 669 389 744 d’
404 674 464 770 ἄρα
478 682 585 768 χαῖται
603 679 811 769 ι’πιρῤώσαντο
828 673 973 760 ἄνακτος,

172 805 296 897 Κρατὸς
315 803 369 870 ἀπ’
388 801 561 870 ἀθανάτοιο·
586 801 679 894 μέγαν
694 791 723 866 δ’
738 793 864 878 ἐλέλιξεν
882 778 1038 892 ὄλυμπον.

174 975 209 1048 5.
239 978 317 1046 Νοιι
339 977 512 1070 patiuntur
536 999 588 1044 me
616 973 839 1044 tenuioribus¹
868 973 1025 1070 exemplis
1053 977 1178 1052 diutius

120 1086 270 1154 insistere
289 1082 457 1151 fortissimi
474 1081 582 1150 duces.
598 1079 765 1174 Siquidem
779 1080 1023 1175 Epaminondas
1034 1080 1059 1166 ²,
1072 1110 1177 1178 quum

120 1193 149 1259 ei
164 1191 253 1259 cives
269 1190 342 1258 irati
361 1187 609 1258 sternendarum
629 1189 662 1254 in
682 1186 805 1281 oppido
824 1189 950 1256 viarum
973 1191 1177 1264 contumeliae

120 1319 220 1365 causa
232 1319 344 1364 curam
357 1294 551 1364 mandarent
564 1286 752 1382 (eratenim
769 1291 848 1360 illud
863 1295 1076 1363 ministerium
1088 1297 1177 1390 apud

120 1427 177 1472 eos
200 1391 491 1486 sordidissimum),
512 1400 581 1466 sine
599 1395 662 1464 ulla
678 1399 885 1466 cunctatione
903 1398 934 1466 id
954 1402 1094 1493 recepit,
1115 1403 1178 1472 da-

121 1523 297 1600 turumque
321 1531 359 1574 se
386 1527 547 1600 operam,
581 1517 620 1570 ut
647 1499 738 1572 brevi
760 1508 1040 1597 specrbsissimwn
1047 1505 1176 1595 steret,

121 1614 330 1681 asseveravit.
355 1608 497 1678 Mirifice
517 1607 633 1676 deinde
655 1611 904 1703 procuratione,
923 1610 1179 1703 abjectissimum

119 1720 291 1847 negotium
317 1741 378 1808 pro
406 1712 603 1808 amplissimo
631 1729 826 1783 ornamento
851 1715 1070 1810 expetendum
1093 1717 1180 1788 The·

119 1808 193 1892 bis³
216 1818 366 1889 reddidit.

178 1925 211 1995 6.
224 1923 387 1994 Hannibal
401 1949 480 1994 vero
494 1949 595 2018 quum
611 1924 699 2020 apud
713 1949 822 2062 regem
838 1926 988 1994 Prusiam
1004 1925 1181 2016 exsularet,

121 2046 306 2124 auctorque
320 2055 349 2098 er
341 2029 587 2099 committendi
606 2018 726 2124 praelii⁴
742 2045 826 2100 esset
831 2045 955 2126 ,atque
973 2032 1000 2099 is
1013 2057 1080 2100 non
1095 1981 1182 2102 iderti

122 2138 186 2207 sibi
204 2151 285 2204 extis
297 2135 449 2229 portendi
463 2135 598 2204 diceret:
613 2139 673 2204 Αιι
687 2151 740 2218 ιιι,
762 2136 880 2229 inquit,
898 2137 1051 2206 vriulzisoe
1064 2163 1183 2206 carun-

120 2244 229 2326 culce,
250 2265 354 2335 quam
369 2247 568 2335 inperatori
578 2245 705 2326 veteri,
730 2247 837 2309 mavis
850 2241 1011 2309 credere?
1032 2243 1066 2310 Si
1081 2243 1182 2312 verba

121 2370 295 2432 numeres,
313 2346 456 2413 breviter
471 2360 504 2414 et
518 2331 675 2428 abscise⁵3
695 2347 721 2414 si
735 2370 864 2414 sensum
880 2347 1018 2415 aestimes
1025 2351 1182 2442 ,copiose

122 2469 158 2524 et
178 2451 334 2520 valenter.
355 2437 546 2548 Hispanias⁶
562 2453 650 2521 enim
669 2449 811 2546 direptas
831 2449 954 2545 populo
973 2477 1127 2544 romano,
1149 2469 1183 2524 et

168 2671 192 2706 ι.
213 2633 376 2705 Terrur'oridus.
393 2649 447 2702 Alii
462 2650 629 2720 *tenerioriiua
673 2669 715 2702 ne.
733 2647 792 2715 Sic,
807 2668 885 2720 quem
901 2670 932 2704 ex
950 2653 1068 2722 quolibet
1086 2655 1128 2706 rel
1142 2656 1181 2708 le·

167 2730 391 2802 sumnonem.
401 2729 462 2792 Quo
471 2729 570 2781 Thebis
579 2730 632 2781 ior·
673 2729 779 2782 sissimo
802 2732 1103 2802 munerenobispsrare
1120 2751 1182 2802 pos.

123 2831 171 2868 san
180 2808 631 2878 necclarior,neciortiorunquam.
674 2807 1077 2877 sumushonoretisminipsum
1085 2829 1182 2866 munus

124 2892 192 2945 Setis
208 2889 283 2942 nobis
298 2887 593 2958 depingituraNepote
606 2899 633 2940 et
675 2887 838 2940 transfertur.
870 2884 921 2938 Sed
948 2887 1129 2956 emanandas
1152 2892 1182 2944 in

124 2969 276 3024 Plutarcho.
291 2999 331 3010 -
346 2967 542 3020 Ministerium....
558 2965 634 3017 sordi-
675 2964 785 3018 summis
798 2983 853 3016 non
868 2983 941 3018 secus
958 2982 988 3017 nc
1004 2965 1119 3020 minimis
1134 2987 1182 3022 ne·

124 3051 256 3103 dissimum.
275 3047 311 3098 lli
325 3044 390 3098 dicti
406 3044 478 3116 apud
493 3046 633 3098 Thebanos
675 3043 753 3114 gotiis
775 3043 919 3096 maximum
941 3061 968 3097 se
996 3045 1117 3114 praebuit.
1142 3048 1182 3102 Eo

125 3123 348 3198 τιλιοιρχοιμριιὰ
363 3123 427 3178 alios
444 3125 567 3194 inruisses.
580 3125 633 3176 llo-
676 3123 747 3176 enim
768 3123 871 3176 clavum
899 3135 1020 3190 tenente,
1041 3121 1183 3194 Thebani,

124 3227 177 3262 ma
194 3205 222 3258 id
241 3222 337 3256 munus
349 3215 405 3255 erat
424 3204 555 3293 precipue
570 3201 633 3254 srdi-
676 3199 749 3272 quod
763 3221 811 3254 nec
830 3215 889 3256 ante
911 3222 959 3256 nec
972 3213 1032 3274 post
1053 3222 1112 3256 eum
1132 3166 1183 3259 sslii

124 3288 207 3340 lium.
221 3283 293 3334 Vir
287 3296 335 3336 rste
349 3282 467 3352 egregius
482 3300 536 3334 non
555 3299 634 3352 quam
676 3281 800 3352 contigit,
808 3283 1183 3362 ἰιιιροιίοιοῑίιιιίιιιοῦιιιιοῐνι

125 3363 252 3420 altoloco
262 3361 384 3414 consutus
393 3378 453 3414 eum
461 3358 581 3425 deceret,
589 3357 635 3412 sed
677 3372 739 3414 sunt
750 3361 836 3431 potiti.

126 3459 158 3498 ut
164 3446 237 3515 Justa
247 3439 300 3492 fide
309 3453 335 3492 et
346 3438 473 3492 indelessa
484 3457 565 3510 opera
580 3440 636 3491 leve
719 3439 745 3490 3.
764 3440 857 3492 Thebis.
873 3439 1026 3494 Perizonius
1041 3440 1103 3510 legit
1121 3443 1183 3494 Tire·

128 3543 159 3578 sc
188 3519 327 3576 sordidum
354 3519 489 3589 negotium
517 3530 636 3583 cureret,
678 3517 754 3570 bani.
780 3519 896 3572 Frustra.
916 3519 985 3572 Nam
1005 3519 1091 3572 Thebis
1106 3535 1144 3574 est
1159 3526 1185 3574 ἱιι

127 3600 256 3673 respexit.
276 3599 384 3650 Imitatu
407 3598 488 3672 igitur
501 3615 580 3668 quam
595 3593 636 3650 di-
679 3597 734 3650 urbe
754 3597 893 3651 Thebarum.

127 3681 285 3752 guissimum
296 3677 452 3747 obsequium
460 3713 469 3740 ‚
477 3695 530 3747 quo
538 3694 598 3730 eum
609 3695 636 3730 se
720 3683 746 3739 4.
767 3677 862 3730 Proeiii.
883 3674 1015 3730 Callidum
1030 3675 1185 3736 Hannibalis

129 3760 226 3830 gessit,
239 3758 283 3812 cui
305 3753 443 3810 sordidum
463 3757 636 3809 ministerium
679 3755 769 3810 inboe
782 3757 874 3826 praelio
885 3755 1021 3810 inventurn
1033 3757 1184 3827 leg.inNe·

131 3852 199 3892 esset
209 3838 313 3890 honori.
324 3836 384 3889 No'n
394 3836 465 3888 enim
476 3847 529 3887 tam
537 3855 569 3887 ex
579 3854 637 3888 mu·
679 3847 750 3906 pote.
765 3837 814 3888 An.
831 3836 866 3887 U.
883 3835 947 3888 568.

131 3919 203 3970 neris
211 3914 385 3988 amplitudine
395 3915 482 3968 honor
491 3911 636 3986 petendus,
722 3920 746 3966 5.
769 3914 877 3967 Abscise.
902 3913 953 3968 Per
967 3914 1111 3986 abruptum
1131 3935 1185 3970 ser·

131 4015 212 4068 qnam
226 4015 257 4049 ex
272 3994 326 4049 fida
342 4009 419 4067 atque
438 3994 537 4046 sollerti
553 3995 638 4064 cujus·
681 4011 795 4048 monem.

131 4093 237 4145 cunque
251 4076 289 4128 rei
311 4075 424 4146 publices
439 4073 640 4130 administratio·
722 4076 749 4126 6.
770 4073 911 4146 Hispanias.
929 4071 1090 4129 Ulteriorenr
1111 4087 1137 4130 st
1151 4077 1189 4129 ci·

934 4168 998 4238 16²
