3168 5124
396 493 473 588 450
597 492 819 562 vaureu
847 491 1054 560 maxum
1083 492 1179 560 Lm.
1212 493 1277 560 vi.

397 647 465 718 est,
482 651 521 698 se
535 625 703 718 Pyrrhum
717 645 850 694 veneno
856 623 1050 720 perfilium
1065 647 1163 692 saron
1170 677 1181 710 ,
1201 623 1474 720 qrupotronibus

395 739 469 832 ejus
478 749 658 834 praeerat,
679 747 879 800 necatruum
893 756 904 799 .·
918 754 958 799 ea
973 755 1026 800 res
1039 753 1143 824 quum
1157 729 1200 800 ad
1217 746 1366 802 senatum
1381 749 1475 804 esset

396 845 524 932 delata,
540 841 649 912 missis
662 837 777 933 legatis
793 837 959 932 Pyrrhum
974 838 1122 923 monuit,
1136 853 1177 906 ut
1194 839 1354 910 adversus
1366 840 1475 933 hayus

393 957 531 1048 generis
544 947 689 1017 insidias
702 951 839 1014 cautr'us
852 969 890 1013 se
900 959 1056 1039 gereret,·
1070 967 1219 1032 memor,
1234 946 1351 1018 urbem
1365 971 1386 1015 a
1399 946 1474 1017 filio

397 1055 533 1128 Martis¹
549 1053 718 1124 conditam
730 1052 831 1121 armis
845 1049 948 1138 bella,
959 1075 1030 1122 nou
1043 1052 1193 1138 venenis,
1208 1077 1323 1146 gerere
1336 1053 1471 1124 debere.

395 1163 605 1236 Timocharis
619 1173 731 1228 autem
749 1183 872 1228 nomen
888 1159 1243 1254 suppressit,'utroque
1256 1159 1357 1230 modo
1372 1163 1473 1255 requi

396 1287 499 1342 tatem
515 1267 686 1364 amplexus
702 1289 709 1334 ε
724 1265 802 1360 quia
820 1290 882 1335 nec
903 1265 1035 1336 hostem
1051 1264 1140 1336 malo
1159 1264 1311 1362 exemplo
1334 1265 1472 1351 tollere,

395 1403 504 1474 neque
519 1401 611 1464 eum,
626 1374 683 1468 qui
702 1371 921 1442 benemereti
937 1386 1073 1467 paratus
1087 1371 1213 1461 fuerat,
1229 1371 1392 1470 prodere¹
1409 1399 1471 1442 vo-

395 1485 465 1556 luit

452 1617 484 1662 a.
499 1593 635 1660 Summa
651 1588 773 1658 'ustitia
788 1588 823 1656 in
836 1599 982 1680 quantor
992 1609 1126 1680 quoque
1140 1587 1281 1660 tribunis
1296 1585 1405 1682 plebis
1419 1613 1473 1658 eo

396 1699 473 1770 dem
486 1712 638 1792 tempore
672 1707 850 1790 conspecta
864 1705 933 1780 est3
947 1717 1025 1762 nam
1045 1718 1149 1788 quum
1165 1697 1203 1764 C.
1220 1696 1393 1782 Atratino,
1410 1696 1471 1764 sub

397 1831 464 1902 quo
479 1805 564 1874 duce
578 1803 683 1872 aciem
698 1816 846 1871 nostram
864 1799 955 1896 apud
969 1788 1212 1895 Verruginem⁴
1225 1825 1246 1870 a
1263 1800 1399 1872 Volscis
1418 1802 1471 1871 in-

396 1913 553 1984 clinatam
572 1935 650 1980 cum
667 1909 792 1980 caeteris
810 1907 975 2002 equitibus
989 1922 1223 1996 correxerant,
1240 1908 1332 1978 diem
1350 1909 1396 1978 ad
1412 1935 1470 2004 po

397 2019 513 2117 pulum
536 2021 575 2087 L.
595 2017 792 2086 Hortensius
811 2013 938 2110 collega
960 2039 1078 2084 eorum
1096 2015 1249 2099 dixisset,
1268 2041 1333 2111 pro
1354 2019 1472 2086 rostris

395 2129 610 2223 juraverunt,
633 2129 669 2193 in
685 2123 847 2217 squalore
863 2147 901 2189 se
916 2147 1012 2207 esse,
1035 2123 1157 2216 quoad
1172 2128 1366 2218 tmperator
1382 2129 1471 2220 ipso·

397 2259 472 2304 rum
486 2257 564 2302 reus
576 2245 667 2300 esset
666 2230 824 2323 suturam.
841 2230 920 2298 Non
935 2229 1023 2298 enim
1040 2230 1267 2300 sustinuerunt
1280 2233 1409 2326 egregii
1418 2231 1471 2325 ju·

398 2365 517 2426 venes,
533 2339 628 2434 cujus
645 2338 763 2406 armati
781 2333 965 2432 periculum
984 2335 1176 2406 vulneribus
1189 2351 1222 2406 et
1234 2339 1399 2432 sanguine
1411 2363 1473 2408 suo

400 2446 634 2531 defenderant,
648 2445 718 2538 ejus
732 2443 837 2538 togati
850 2442 1004 2512 ultimum
1020 2443 1217 2530 discrimen,
1232 2447 1406 2539 potestatis
1421 2447 1472 2514 in-

402 2554 506 2650 signia
525 2553 703 2620 retinentes
718 2551 856 2634 intueri3
870 2574 935 2645 qua
945 2550 1071 2644 justitia
1087 2543 1177 2620 moto
1194 2553 1326 2639 concio,
1338 2554 1473 2621 actione

401 2659 616 2730 Hortensium
635 2657 791 2726 desistere
809 2657 926 2752 coegit.

458 2782 491 2855 3.
514 2785 586 2853 Nec
606 2805 641 2850 se
661 2781 761 2852 etiam
779 2777 874 2850 aliter
892 2805 932 2850 eo
951 2779 1059 2868 facto,
1076 2779 1167 2876 quod
1185 2781 1345 2875 seqnitur,
1365 2779 1464 2848 exhi-

401 2875 509 2962 buit⁵2
524 2913 628 2984 quum
648 2889 698 2956 Ti.
719 2887 913 2972 Gracchus,
934 2901 967 2956 et
988 2891 1026 2958 C.
1048 2885 1225 2976 Claudius,
1240 2887 1279 2956 ob
1293 2887 1392 2954 nimis
1413 2911 1468 2956 se·

402 3024 479 3070 vere
498 3010 624 3094 gestam
643 3019 834 3082 censuram,
850 2995 1009 3088 majorem
1028 2995 1172 3064 civitatis
1186 3009 1315 3090 partem
1332 3017 1473 3089 exaspe-

402 3219 430 3255 κ
442 3194 541 3272 prodit.
554 3191 607 3248 Sed
619 3205 709 3248 noster
722 3191 751 3245 in
764 3193 814 3246 har
826 3211 915 3246 nama-
1001 3199 1028 3258 4.
1051 3193 1218 3265 Verruginem.
1232 3193 1376 3267 Oppidum
1391 3197 1472 3248 Italia

403 3281 476 3336 tione
491 3275 610 3346 sequitur
624 3273 758 3326 Valerium
771 3273 914 3328 Antiatem.
958 3273 1472 3348 Volscorum.-Iasq...suturus.l³erix.

447 3377 471 3413 1.
488 3357 556 3410 Fun
571 3353 670 3406 Martis.
684 3353 807 3406 Romulo.
957 3354 1061 3406 mavult
1074 3357 1100 3406 in
1114 3355 1193 3427 equod.
1210 3375 1236 3406 se
1248 3375 1315 3418 esse,
1332 3355 1417 3428 quoad
1431 3361 1472 3408 i:-
1566 3365 1567 3371 ’

445 3458 471 3490 a.
486 3421 593 3490 Prodere
601 3433 689 3486 voluit.
705 3433 771 3484 Bene
780 3439 915 3486 meren'vo·
953 3453 1007 3504 per.
1017 3437 1063 3488 ir.
1071 3447 1141 3494 esur,
1149 3435 1259 3501 summ.
1269 3433 1346 3507 quod
1353 3435 1472 3488 nondum

401 3513 914 3589 iaitdepopuloromano.—Eutropiur
956 3526 1032 3568 mant
1047 3513 1076 3567 iu
1090 3516 1213 3586 squalore
1229 3515 1473 3570 tribunatum

400 3597 567 3672 proditorem
583 3595 702 3646 vinctum
725 3589 759 3645 ad
777 3592 912 3664 Ργπὶιιιω
956 3606 1020 3648 runt
1029 3593 1100 3647 euim
1108 3594 1269 3666 brec3quum
1275 3597 1397 3667 primum
1405 3595 1474 3650 dioc·

400 3699 455 3734 esse
468 3676 608 3734 reductum
622 3685 721 3726 armat.
955 3685 1027 3740 rent,
1037 3693 1119 3745 preces
1129 3695 1179 3728 suoe
1186 3695 1234 3746 pro
1247 3681 1392 3746 imperatore
1401 3682 1474 3730 suri

439 3759 464 3813 3.
489 3755 580 3810 Eodem
595 3767 704 3826 tempore.
722 3751 784 3806 Non
798 3751 832 3806 ad
844 3771 909 3824 prae·
955 3771 1004 3805 non
1022 3755 1170 3821 noluerent,
1185 3775 1211 3808 se
1230 3769 1318 3808 testem
1342 3769 1472 3809 marm
1560 3813 1561 3818 η

398 3839 494 3894 cedens
507 3835 657 3908 exemplum
672 3831 841 3888 referendum
854 3845 906 3894 est,
954 3834 1164 3890 esse.Tomenius
1173 3834 1329 3890 credirvere
1339 3835 1473 3890 emendas-

396 3919 443 3974 sed
457 3917 491 3972 ad
503 3917 626 3970 tribunos
635 3913 682 3986 qui
692 3931 748 3966 uno
759 3911 907 3984 eodemque
952 3913 1175 3969 assummum:
1190 3915 1236 3970 sed
1251 3931 1341 3970 tamen
1354 3916 1472 3990 adstipu-

395 4011 514 4072 tempore
522 3997 703 4069 magistratum
713 4005 858 4066 germunt.
867 4023 908 4035 -
952 3993 1023 4048 laute
1030 3996 1105 4048 nullo
1113 3995 1169 4050 MS.
1178 3997 1217 4050 nil
1224 4009 1329 4052 mutare
1336 4015 1418 4050 susm
1425 4011 1474 4052 est.

396 4079 528 4150 Conspecta
541 4089 584 4129 cst.
598 4078 650 4130 An.
663 4076 698 4128 U.
717 4074 784 4128 331.
801 4073 906 4140 Livius,
995 4074 1021 4128 5.
1044 4075 1173 4130 Exhibuit.
1190 4078 1240 4130 An.
1263 4078 1299 4131 U.
1324 4079 1390 4141 58⁴·
1412 4079 1472 4130 Ia‘r.
1556 4127 1557 4177 l

392 4159 443 4223 lv,
458 4163 511 4223 4¹3
526 4175 599 4227 supr.
612 4155 668 4221 111,
686 4174 715 4218 a,
733 4157 759 4208 8.
954 4153 1058 4212 XLIII.
1081 4157 1132 4220 183
1145 4157 1236 4210 Aurel.
1251 4157 1325 4211 Vict.
1342 4157 1433 4210 LVII.
