3196 5122
367 480 442 563 uod
550 475 772 544 VALERII
801 475 1009 542 MAXIMI
1037 475 1135 542 LIB.
1168 474 1241 542 111.

423 610 482 693 24.
495 607 560 676 Sed
571 606 660 702 quod
670 605 713 675 ad
729 604 950 701 praeliatorum
970 603 1181 676 excellentem
1199 604 1422 676 fortitudinem

367 715 501 800 attinet,
522 715 639 782 merito
658 715 695 782 L.
718 714 828 782 Sicinii
847 709 999 780 Dentati¹
1023 713 1293 782 commemoratio
1314 715 1426 780 omnia

368 843 505 889 romana
518 817 667 914 exempla
680 818 801 888 finierit
815 843 822 886 :
842 819 936 912 cujus
949 843 1050 914 opera
1064 819 1273 912 honoresque
1286 843 1421 914 operum

368 923 456 994 ultra
474 925 573 994 fidem
590 927 659 994 reri
677 922 849 994 excedere'
868 923 1007 1018 judicari
1029 938 1186 1020 possent,
1205 925 1267 994 nisi
1286 947 1325 992 ea
1343 926 1422 992 certi

369 1045 535 1114 auctores,
559 1031 643 1104 inter
661 1056 744 1125 quos
762 1033 809 1100 M.
823 1031 950 1098 Varro.
975 1031 1197 1100 monumentis
1217 1031 1284 1100 suis
1307 1043 1423 1098 testata

369 1161 439 1206 esse
460 1135 645 1206 voluissent.
665 1139 775 1226 Quem
789 1137 910 1206 centies
920 1151 955 1206 et
969 1138 1105 1231 vigesies
1118 1138 1153 1206 in
1167 1136 1270 1206 aciem
1284 1135 1421 1206 descen·

369 1243 455 1312 disse
473 1243 622 1327 tradunt,
640 1267 680 1312 eo
692 1243 811 1312 robore
822 1243 921 1311 animi
938 1256 1036 1336 atque
1050 1244 1198 1338 corporis
1212 1256 1373 1328 utentem,
1385 1257 1422 1310 ut

369 1349 526 1442 majorem
543 1373 672 1444 semper
691 1349 835 1418 victoriae
851 1361 978 1485 partem
995 1351 1132 1418 traxisse
1149 1333 1331 1417 videretur³
1342 1373 1352 1433 ;
1365 1347 1421 1416 sed

370 1468 403 1522 et
420 1455 551 1550 triginta
573 1453 675 1550 spolia
692 1480 732 1524 ex
750 1455 847 1530 hoste
883 1453 1049 1542 retulisse,
1067 1479 1208 1548 quorum
1229 1455 1263 1522 in
1284 1477 1423 1528 numero

368 1574 444 1628 octo
464 1560 579 1648 fuisse,
600 1585 676 1629 cum
695 1559 813 1654 quibus
831 1561 1033 1654 inspectante
1052 1575 1193 1654 utroque
1218 1561 1363 1628 exercitu
1380 1584 1420 1628 ex

368 1669 603 1760 provocatione
617 1665 802 1736 dimicasset
817 1720 826 1754 ‚
839 1690 900 1736 xxv
913 1668 1000 1736 cives
1017 1692 1058 1736 ex
1070 1666 1177 1736 media
1192 1681 1298 1735 morte
1312 1680 1420 1760 raptos

369 1796 534 1860 servasse,
553 1775 697 1869 quinque
710 1786 743 1842 et
761 1797 807 1842 xn
824 1770 959 1842 vulnera
977 1787 1110 1868 pectore
1130 1773 1310 1867 excepisse,
1327 1785 1419 1866 tergo

370 1877 575 1948 cicatricibus
593 1903 716 1967 vacu03
735 1903 855 1948 novem
870 1877 1083 1974 triumphales
1099 1881 1334 1973 imperatorum
1351 1885 1420 1946 'cur-

369 2008 424 2054 rus
438 1999 607 2070 secutum,
625 1987 726 2055 totius
746 1987 886 2054 civitatis
903 1985 1016 2055 oculos
1029 1987 1063 2054 in
1077 2011 1112 2054 sc
1130 2010 1305 2054 numerosa
1318 1983 1419 2053 dono·

367 2115 441 2158 rum
468 2077 609 2186 pompa⁵
631 2107 897 2178 convertentem
923 2090 1180 2185 preferebantur
1207 2093 1294 2160 enim
1315 2115 1419 2160 aureae

368 2181 515 2264 coronae⁶
531 2211 622 2283 octo,
643 2199 754 2267 civicae
767 2200 840 2288 xx'v,
858 2195 998 2267 murales
1017 2212 1100 2282 tres,
1120 2195 1328 2266 obsidionalis
1339 2221 1419 2282 una,

412 2403 437 2438 1.
448 2388 478 2438 L.
488 2387 575 2440 Sr‘a'm'r‘
583 2389 694 2442 Dentati.
700 2389 751 2442 An.
762 2389 797 2442 U.
809 2407 871 2457 ¹99·
958 2393 985 2444 6.
1003 2389 1092 2443 Ama
1106 2407 1207 2442 corone.
1230 2389 1353 2442 Solebant
1370 2388 1417 2439 im·

371 2465 478 2536 Dionys.
492 2467 533 2531 X;
543 2467 610 2520 Plin.
618 2467 685 2532 VH,
701 2485 752 2538 27,
764 2468 874 2536 XXIII,
916 2481 1049 2540 pecatores
1064 2481 1138 2540 parta
1152 2469 1261 2522 victoria
1272 2479 1416 2540 suggestum

373 2544 387 2595 5
393 2562 401 2608 ;
411 2544 480 2598 Gell.
491 2545 533 2608 11,
547 2563 591 2610 1¹3
602 2546 708 2612 Florus,
718 2547 767 2600 IV.
781 2547 874 2600 Factus
917 2561 962 2602 aut
971 2549 1086 2602 tribuual
1095 2545 1319 2612 conscendere,et
1326 2565 1419 2600 convo·

369 2623 412 2676 hic
420 2621 533 2676 Sicinius
544 2643 589 2678 seu
600 2625 698 2679 Siccius
708 2623 813 2680 taudem
825 2627 872 2680 tri·
916 2640 975 2682 cato
989 2631 1106 2682 exercitu
1120 2647 1170 2699 pro
1185 2627 1312 2681 concione
1326 2627 1418 2680 milites

370 2703 456 2754 hunus
468 2703 505 2775 pl.
522 2715 548 2758 et
562 2706 613 2758 An.
626 2705 662 2758 U.
680 2707 754 2770 soa,
769 2705 873 2760 decem·
916 2705 1024 2762 laudare
1035 2727 1064 2760 ac
1076 2707 1171 2779 gratias
1183 2707 1215 2760 iis
1227 2725 1312 2778 agere.
1329 2705 1417 2759 Nomi·

369 2781 487 2834 virorum
503 2781 596 2836 fraude
607 2785 708 2838 occisus
720 2797 766 2838 est.
916 2787 999 2840 natira
1007 2788 1131 2854 etiarn,si
1139 2805 1253 2858 quorum
1264 2786 1418 2857 singularem

410 2881 436 2914 a.
460 2861 612 2932 Ultrufidem
631 2869 685 2917 oert'
702 2865 820 2918 excedm.
841 2863 874 2918 Id
916 2867 944 2919 in
966 2867 1057 2938 prelio
1080 2867 1205 2920 virtutem
1230 2864 1418 2918 animadverte·

369 2953 406 2993 est
413 2939 499 3012 ‚fidem
510 2943 628 2996 excedere.
636 2946 744 2998 Vorstio
754 2946 818 2998 ultra
829 2963 874 2998 ex·
915 2959 988 3012 rant,
997 2945 1180 3018 predicabant.
1187 2943 1277 3000 Laude
1286 2946 1357 2998 enim
1366 2961 1416 2996 uon
1432 2961 1434 2966 ·

368 3020 540 3092 pungendum
554 3021 675 3090 videtur,
689 3025 718 3078 ni
737 3044 798 3078 cum
812 3023 872 3078 cod.
916 3025 1088 3096 minusquam
1095 3025 1209 3098 premiis
1217 3025 1332 3078 militum
1341 3022 1416 3078 animi

368 3099 465 3155 Brxnd.
481 3101 621 3173 legendum
640 3105 675 3158 sit
686 3124 711 3156 se
730 3105 871 3166 utendae,
915 3103 1038 3176 gaudent.
1054 3105 1127 3176 Sepe
1139 3118 1225 3160 tamen
1236 3123 1291 3158 non
1300 3104 1417 3158 satisfuit

368 3178 441 3250 quod
456 3181 533 3234 etiam
547 3181 607 3236 cod.
624 3184 718 3254 ttttraj.
733 3185 812 3255 prim.
825 3185 873 3238 bu·
915 3183 1045 3250 laudasse,
1058 3183 1238 3256 predicationi
1246 3185 1318 3238 euim
1326 3181 1416 3254 adjun-

369 3260 422 3312 bet.
441 3259 552 3314 Torren.
570 3281 634 3316 vero
653 3264 754 3330 ultius.
770 3286 791 3316 ν.
805 3284 872 3316 me·
915 3263 1181 3336 gebantvxriadona.
1196 3267 1314 3320 Coronas
1328 3262 1417 3334 impri-

370 3338 424 3392 dere
432 3337 566 3406 defendit,
579 3340 651 3414 quod
664 3343 727 3396 ultra
739 3343 873 3416 elegantis·
916 3345 964 3398 mis
976 3343 1183 3410 distribuebant,
1198 3343 1232 3398 de
1245 3345 1343 3416 quibua
1355 3343 1417 3395 Ter·

369 3418 428 3472 simi
449 3439 511 3474 usus
530 3421 564 3474 sit
585 3421 613 3474 in
633 3421 685 3486 iis,
707 3441 766 3494 quar
788 3423 872 3476 multo
916 3424 1049 3486 tullianus,
1065 3421 1099 3476 de
1112 3425 1217 3478 Corona
1228 3423 1335 3487 militias
1351 3421 1415 3474 Plia.

370 3517 493 3570 superare
509 3501 571 3554 alias
584 3519 625 3556 res
640 3499 774 3556 dicuntur.
916 3503 987 3570 VII,
1007 3507 1056 3568 28,
1074 3504 1185 3566 XXIII,
1202 3505 1231 3566 3;
1248 3503 1316 3556 Gen.
1333 3503 1375 3567 V,
1392 3504 1416 3554 6.

409 3578 434 3632 3.
448 3579 482 3630 Ut
490 3581 779 3650 majcmm....er'deretar.
791 3581 873 3646 Quasi
916 3581 966 3636 Sex
989 3582 1120 3655 precipua
1142 3601 1301 3636 coronarum
1326 3599 1418 3653 genera
1445 3633 1450 3648 ,

371 3658 455 3727 major
465 3676 525 3728 pars
532 3660 648 3714 victorin
659 3663 871 3732 opusejusesset.
916 3662 1010 3726 luisse,
1029 3662 1113 3716 cuivis
1130 3675 1257 3732 tyronum
1276 3674 1348 3714 nota.
1365 3661 1417 3713 No·

410 3741 437 3798 4.
447 3737 569 3792 Ecdeme.
579 3739 727 3794 Hosu'elr.l.
737 3741 873 3794 collective
915 3760 979 3794 xum
998 3761 1079 3812 genus
1100 3761 1114 3796 a
1129 3742 1247 3813 Caligula
1266 3743 1420 3802 inventum,

368 3815 494 3882 examitum
507 3829 532 3870 et
544 3817 607 3872 illuc
623 3819 760 3874 referenda
775 3839 873 3892 quorum
916 3839 981 3892 quas
993 3821 1049 3892 ipre
1060 3821 1136 3886 solis,
1149 3821 1236 3887 lunae,
1252 3819 1418 3892 siderumque

368 3906 395 3945 et
407 3893 504 3966 quibus,
519 3915 574 3948 non
587 3918 650 3952 vero
660 3897 693 3952 ad
707 3901 793 3972 spotia.
916 3901 1001 3970 specie
1013 3899 1133 3954 distinxit
1145 3913 1172 3954 et
1184 3902 1356 3970 exploratorias
1374 3919 1418 3971 ap·

409 3973 434 4024 5.
456 3973 556 4044 Pompa.
571 3977 673 4032 Ordine
689 3979 872 4052 sequentium,
916 3979 1211 4050 pellexit.Vid.Sneton.
1221 3982 1248 4032 in
1255 3980 1365 4052 Caligul.
1375 3985 1418 4042 art.

367 4047 394 4104 in
417 4069 472 4124 quo
498 4064 537 4104 tot
562 4057 731 4112 victoriarum
761 4059 872 4129 insignia
917 4060 957 4112 De
984 4061 1084 4114 caeteris
1105 4059 1181 4114 donis
1200 4058 1254 4112 vid.
1273 4060 1419 4130 Vegetimt

361 4131 576 4202 preferebantur.
917 4139 1000 4192 Tacit.
1016 4143 1083 4194 Anu.
1096 4141 1138 4206 11,
1153 4139 1222 4192 Plin.
1238 4139 1371 4204 XXXIII,
1388 4154 1418 4202 a,
