3196 5122
369 520 474 588 CAP.
502 519 1073 610 11‚DE,FORT1TUD1NE.
1179 525 1253 599 205

196 666 329 746 torques
340 674 516 740 ccxxxnr,
531 651 665 722 armillae
677 675 761 740 ccx,
778 653 882 722 hastae
894 678 1001 744 xvnr,
1012 655 1157 752 phalerae
1172 683 1256 748 xxv,

195 773 390 827 ornamenta
410 760 507 826 etiam
530 757 665 854 legioni,
684 757 807 828 nedum
830 759 924 830 militi
943 763 1018 832 satis
1036 761 1148 834 multu.

316 984 369 1036 DE
393 983 684 1038 rouutuumttn
707 985 901 1039 EXEMPLA
925 987 1127 1046 EXTERNA.

254 1189 282 1234 r.
298 1161 359 1236 Ille
373 1187 504 1258 quoque
522 1187 561 1231 ex
576 1161 725 1258 pluribus
746 1164 941 1258 corporibus
960 1166 994 1234 in
1015 1191 1117 1236 unum
1133 1193 1252 1266 mogun

195 1269 511 1340 cumadmiratione
538 1267 674 1338 Calibus
698 1293 797 1338 cruor
825 1269 981 1340 confusus
1006 1288 1055 1342 est
1066 1272 1086 1342 ¹.
1115 1279 1155 1344 ln
1185 1302 1253 1372 quo

194 1375 317 1471 oppido
330 1401 432 1470 quum
444 1374 577 1444 Fulvius
590 1374 726 1446 Flaccus
744 1401 937 1471 campanam
956 1378 1145 1472 perfidiam,
1162 1385 1252 1477 prin·

194 1486 282 1578 cipes
306 1483 446 1552 civitatis
467 1495 543 1550 ente
562 1479 706 1550 tribunal
729 1507 823 1550 suum
847 1482 976 1578 capituli
995 1483 1156 1582 supplicio
1180 1489 1251 1557 affi-

195 1587 333 1675 ciendo,
354 1587 537 1656 vindicaret
546 1584 568 1672 ²,
587 1585 766 1681 litterisque
784 1613 804 1656 a
827 1604 942 1658 senatu
962 1593 1127 1686 acceptis,
1152 1591 1251 1664 finem

193 1719 300 1791 poenae
317 1719 432 1762 eorum
454 1707 597 1762 statuere
615 1707 806 1788 cogeretur,
829 1693 915 1764 ultro
936 1720 970 1764 se
991 1699 1021 1766 ei
1038 1699 1076 1764 T.
1094 1699 1252 1772 lubellius

193 1804 324 1869 Taurea
351 1823 532 1893 campanus
558 1797 698 1887 obtulit,
721 1814 755 1868 et
781 1823 881 1894 quam
908 1803 1017 1895 potuit
1040 1801 1129 1873 clera
1154 1830 1253 1894 voce,

199 1936 216 1970 «
230 1906 413 1994 Quoniam,
431 1906 551 1998 inquit,
564 1902 675 1991 Fulvi,
693 1904 873 2000 cupiditate
887 1920 979 1976 touta
992 1907 1164 1979 hauriendi
1177 1937 1250 1982 sen·
1297 1903 1300 1910 ¹

195 2013 302 2106 guinis
323 2011 425 2079 nostri
439 2011 574 2096 teneris,
593 2007 672 2104 quid
685 2035 792 2080 cessas
806 2013 840 2079 in
856 2036 909 2080 me
926 2028 1096 2082 cruentum
1110 2019 1249 2088 securim

195 2117 411 2210 destringere,
426 2130 463 2184 ut
475 2115 607 2210 gloriari
621 2117 744 2210 possis,
758 2115 928 2187 fortiorem
944 2116 1113 2212 aliquanto
1127 2125 1252 2210 virum,

194 2247 294 2317 quum
315 2225 384 2317 ipse
403 2248 455 2309 es,
480 2235 538 2291 tuo
556 2222 650 2315 jussu
668 2246 738 2308 esse
756 2223 1038 2318 interemptuml»
1062 2229 1112 2295 Eo
1132 2227 1251 2300 deinde

194 2329 339 2416 dicente,
362 2327 526 2396 «libenter
543 2327 577 2396 id
590 2353 625 2398 se
645 2327 745 2398 firisse
761 2327 942 2416 facturum,
961 2331 1024 2400 nisi
1042 2347 1174 2404 senatus
1192 2361 1250 2406 vo-

195 2434 320 2504 luntate
329 2433 564 2530 impediretur»
576 2458 583 2500 :
596 2418 755 2521 «Atme³,
764 2435 887 2528 inquit,
898 2437 951 2506 cui
960 2436 1040 2506 nihil
1053 2454 1162 2532 patres
1175 2467 1250 2511 con·

193 2543 306 2636 scripti
320 2553 562 2636 praeceperunt,
585 2539 733 2635 adspice,
751 2538 854 2610 oculis
871 2543 935 2612 tuis
953 2543 1085 2637 quidem
1105 2561 1250 2640 gratum,

193 2738 697 2807 Uesontionem-CLXXXIII.
742 2759 796 2794 esse
809 2759 888 2794 :nem
902 2739 936 2794 sd
951 2741 1126 2797 Hannibalem
1137 2746 1251 2817 Compe-

193 2821 341 2876 Deleudnm
356 2822 400 2874 liic
413 2839 468 2874 esse
480 2838 622 2872 numerum
637 2838 699 2872 ceu·
741 2820 771 2872 ni
786 2818 944 2874 deiecerant.
962 2821 1086 2891 Principes
1101 2823 1130 2876 hi
1151 2825 1250 2896 Cspuae

194 2903 322 2956 tenuium
338 2919 354 2955 e
365 2900 453 2954 Gellio
466 2911 546 2972 petet.
557 2929 599 2942 -·
610 2898 702 2952 Amu'l·
742 2899 830 2962 fuere,
841 2911 872 2951 ut
884 2917 915 2952 ex
928 2900 1019 2964 Livio,
1029 2901 1138 2966 xxvt,
1147 2917 1248 2958 notum.

194 2984 233 3036 (ω.
251 2981 413 3034 ornaments
426 2980 596 3034 brachiorum
609 3019 617 3046 ,
632 2998 646 3032 s
661 2991 700 3031 te·
742 2979 851 3031 Fulvius
863 2997 907 3031 eos
920 2979 947 3030 iu
957 2979 1107 3049 componire
1120 2981 1250 3052 oppidum

194 3059 286 3132 pendis
301 3063 389 3122 armes,
406 3059 503 3122 idest,
520 3058 700 3130 superioribus
743 3058 818 3111 Cales
833 3057 920 3122 misit,
941 3057 1151 3130 suppliciumque
1166 3061 1250 3117 ibide

195 3140 479 3194 brechiorumnrtibus.
488 3169 529 3182 -
541 3139 639 3191 Hastoe.
652 3139 702 3190 Pu·
742 3137 794 3190 illis
807 3138 876 3190 sumi
889 3137 974 3208 jussit.
990 3137 1134 3192 Torrenius
1146 3138 1248 3196 edidit:

195 3240 230 3271 ηε
255 3220 437 3282 vocabuntur,
461 3235 519 3290 qua
545 3217 602 3271 sine
630 3215 701 3271 ferro
739 3229 990 3288 pmptercampanam
999 3215 1126 3290 pefidiam
1137 3259 1193 3274 ......
1208 3225 1247 3289 as-

194 3310 280 3352 erunt.
298 3297 368 3351 Suet.
383 3299 411 3350 in
424 3297 472 3350 vit.
491 3295 584 3350 Claud.
603 3299 647 3351 28.
735 3295 854 3366 sws'endos
864 3298 1002 3367 judiearet,
1019 3309 1046 3351 et
1061 3298 1098 3351 sio
1117 3299 1248 3372 plerteque

240 3377 421 3450 1.Illeqnoque
421 3415 467 3430 .....
477 3379 588 3444 confusus
597 3377 700 3430 estAn.
742 3374 803 3429 edd.
816 3379 851 3429 At
865 3390 954 3431 nostru
968 3377 1061 3442 lectio,
1077 3395 1157 3448 quern
1172 3382 1247 3434 multi

195 3459 231 3511 U.
250 3459 315 3522 ⁵42.
331 3457 392 3510 Liv.
409 3455 517 3519 xxvt,
543 3455 585 3508 15.
606 3454 701 3508 Sensus
743 3454 821 3509 codd.
842 3456 917 3508 MSS.
933 3457 1073 3522 exhibent,
1086 3459 1248 3528 preferendo

194 3549 234 3591 est
248 3555 255 3588 ε
272 3534 441 3589 Admirabills
456 3553 562 3606 quoque
572 3552 646 3588 ossus
658 3535 701 3588 iu·
742 3548 790 3589 est.
800 3536 867 3588 Nem
879 3537 988 3588 Fulvius
1001 3555 1054 3588 non
1070 3535 1177 3590 demum
1186 3551 1248 3594 tunc

194 3615 296 3672 eiditiu
309 3617 377 3668 urbe
387 3615 521 3680 ederam,
537 3633 617 3686 quem
629 3631 701 3668 nuuc
737 3615 878 3686 judicabat,
899 3614 944 3668 sed
969 3613 1070 3668 dudum
1080 3617 1250 3688 judicaverat,-

193 3698 324 3759 eelersm,
336 3696 383 3748 ubi
391 3692 499 3765 quidem
509 3695 625 3766 primum
637 3713 701 3748 oon·
743 3708 770 3747 et
786 3697 841 3766 jem
860 3695 1018 3767 supplicium
1038 3693 1071 3748 de
1086 3699 1249 3769 principibus

192 3779 324 3850 ingemet
343 3775 441 3828 liberos
455 3811 464 3840 ,
478 3771 575 3827 deiude
599 3793 627 3827 se
646 3775 702 3846 ipse
743 3775 926 3846 Ccpuse,quos
935 3774 1010 3827 Celes
1019 3775 1136 3843 miserat,
1146 3797 1248 3834 sumere

194 3857 340 3924 interemit,
353 3856 512 3908 et'cruorem
526 3854 645 3925 corporis
659 3854 699 3906 sni
743 3867 770 3906 et
777 3852 916 3926 perfidiam
924 3853 1118 3925 Campanorum
1127 3859 1250 3911 uindicare

193 3953 256 3990 cum
270 3936 396 4008 sunguine
411 3953 519 3988 suorum
533 3933 646 3987 miscuit.
743 3945 864 4006 coeperut.

236 4035 263 4070 s.
286 4017 366 4086 Quum
378 4015 479 4068 Fuloisu
491 4015 633 4068 Flacca...
644 4017 700 4065 su'rr·
784 4013 810 4066 3.
819 4013 859 4067 Ae
871 4032 913 4064 me.
928 4014 988 4065 Duo
1001 4011 1075 4068 MSS.
1087 4015 1123 4066 ad
1134 4035 1178 4070 me.
1192 4018 1251 4070 Ele·

195 4095 294 4149 dr'carst.
306 4095 402 4150 Dicere
410 4095 483 4148 vult:
493 4092 618 4146 Fulvium
627 4092 702 4146 Flec-
743 4106 837 4166 genter
849 4091 972 4166 quidem,
983 4091 1029 4145 sed
1037 4105 1108 4148 arms
1116 4095 1178 4150 huic
1191 4097 1250 4150 loce

194 4193 255 4228 cum
280 4193 433 4250 compernem
453 4171 592 4247 perediam
614 4173 700 4226 ultum
745 4171 968 4228 accommodatius
981 4185 1027 4227 est.
