3168 5124
274 493 382 566 car.
416 491 465 579 x,
491 491 560 560 un
592 489 794 558 ronam
829 487 1025 557 Parnm
1105 491 1181 584 409

122 627 224 723 patris
246 625 360 695 fitnere
378 625 438 693 suo
460 635 614 718 quartum
633 635 709 690 ante
728 619 814 688 diem
836 619 1022 714 praecessit3
1046 616 1130 686 alter
1148 621 1183 687 in

123 731 313 828 triumphali
332 755 432 800 curru
450 725 677 822 conspectus¹,
691 739 767 821 post
782 725 869 794 diem
889 726 1021 794 tertium
1040 727 1184 820 exspira-

121 841 178 908 vit.
200 843 315 932 ltaque
340 839 396 930 qui
419 835 460 904 ad
482 833 652 904 donandos
672 857 776 926 usque
798 831 918 900 liberos
940 831 1184 920 abundaverat,

121 946 155 1012 in
175 947 314 1014 orbitate
333 943 442 1012 subito
456 941 630 1011 destitutus
649 953 706 1008 est.
724 941 833 1028 Quem
849 961 961 1008 casum
980 963 1047 1032 quo
1064 938 1185 1007 robore

122 1054 223 1120 animi
246 1051 456 1135 sustinuerit,
477 1049 647 1130 oratione,
671 1069 770 1140 quam
794 1045 836 1113 de
865 1045 964 1113 rebus
988 1068 1008 1112 a
1028 1069 1062 1113 se
1087 1045 1186 1140 gestis

99 1157 212 1251 apud
234 1155 548 1251 populum‘habuit,
566 1154 653 1222 hanc
679 1150 862 1246 adjiciendo
885 1149 1086 1236 clausulam,
1103 1149 1185 1220 nulli

123 1263 314 1356 ambiguum
336 1261 490 1356 reliquit:
518 1259 666 1348 «Quum
687 1259 720 1326 in
740 1258 884 1326 maximo
905 1253 1089 1351 proventu²
1110 1255 1184 1324 feli-

123 1370 230 1437 citatis
249 1383 390 1454 nostrae,
408 1368 576 1456 Quirites,
596 1367 767 1451 timerem,
789 1387 831 1431 nc
852 1363 930 1458 quid
953 1361 1031 1432 mali
1053 1363 1186 1432 fortuna

123 1473 314 1563 moliretur,
339 1478 456 1542 lovem
479 1475 557 1566 Opt.
584 1473 673 1540 Max.
699 1474 930 1565 Junonamque
955 1471 1128 1564 reginam,
1154 1483 1187 1537 et

124 1569 309 1649 Minervam
326 1593 485 1673 ¹precatus
507 1601 578 1646 sum
590 1630 600 1664 ,
614 1591 672 1663 ut,
693 1579 719 1645 si
741 1576 869 1646 adversi
889 1575 969 1671 quid
986 1574 1112 1671 populo
1133 1599 1186 1644 ro·

122 1709 224 1754 mano
248 1687 450 1768 immineret,
465 1697 571 1752 totum
590 1685 624 1751 in
640 1707 746 1752 meam
766 1683 902 1752 domum
920 1695 1184 1774 converteretur:

123 1805 327 1886 quapropter
353 1789 436 1858 bene
458 1774 601 1878 babet³3
630 1789 806 1858 annuendo
830 1792 917 1857 enim
940 1789 1027 1858 votis
1049 1788 1132 1857 meis
1154 1787 1188 1855 id

123 1911 279 1990 egerunt,
293 1910 330 1964 ut
352 1919 411 1965 vos
432 1897 540 1991 potius
562 1919 673 1964 meum
695 1919 808 1965 casum
830 1895 988 1983 doleatis,
1006 1919 1106 1989 quam
1125 1919 1187 1988 ego
1281 1901 1284 1909 “

124 2017 236 2072 vestro
259 2004 545 2096 ingemiscerem.»

181 2131 213 2204 3.
233 2135 309 2203 Uno
323 2135 421 2204 etiam
435 2159 525 2202 nunc
538 2132 720 2203 domestico
733 2133 885 2230 exemplo
900 2134 1046 2228 adjecto,
1061 2134 1095 2201 in
1109 2132 1186 2201 alie·

125 2241 175 2308 nis
191 2239 333 2310 luctibus
349 2241 490 2308 orationi
508 2255 590 2310 meat·
607 2229 739 2336 vagari⁴
757 2243 957 2336 permittam.
978 2241 1020 2330 Q.
1040 2236 1187 2310 Marcius

125 2347 198 2413 Rex
211 2331 398 2440 superior⁵,
420 2348 555 2415 Catonis
576 2348 611 2413 in
626 2347 798 2414 consulatu
815 2345 963 2440 collega,
981 2345 1085 2414 filium
1101 2369 1187 2414 surn-

125 2475 189 2519 maa
204 2453 331 2545 pietatis
351 2466 384 2519 et
398 2475 526 2544 magnae
544 2451 633 2544 spei,
652 2466 685 2520 et
702 2476 775 2544 quae
792 2475 859 2519 non
874 2475 976 2546 parva
992 2451 1186 2520 calamitatis

125 2559 270 2625 accessio
283 2555 520 2644 fuit,unicum,
531 2557 654 2626 amisit:
665 2581 833 2652 quumque
846 2582 879 2626 se
889 2547 982 2628 obitu
993 2560 1063 2653 ejus
1073 2559 1186 2628 subru-

125 2676 196 2732 tum
224 2677 258 2732 et
280 2684 431 2732 eversum
451 2661 579 2732 videret
595 2715 605 2749 ,
624 2665 669 2732 ita
694 2661 843 2734 dolorem
870 2662 1040 2734 altitudine
1061 2664 1189 2736 consilii

169 2882 194 2916 r.
211 2863 284 2914 Alter
360 2873 505 2932 waepectro.
524 2861 633 2914 Trium-
718 2868 745 2924 4.
763 2863 997 2932 Uno...permittum.
1007 2865 1056 2916 An.
1067 2863 1102 2916 U.
1114 2865 1182 2918 635.

125 2941 632 3014 phanteseniruliberos,immoetalioe,
678 2939 811 2993 Undecim
832 2937 938 2993 codices
953 2941 1029 2995 MSS.
1058 2959 1108 3013 pro
1128 2963 1185 2994 oru-

125 3039 194 3092 quoe
206 3034 339 3084 emerent,
352 3021 380 3071 in
394 3037 503 3073 currum
514 3021 633 3091 recipere
679 3023 739 3071 ttoni·
754 3039 811 3072 rueae
823 3019 949 3073 exhibent
958 3026 1088 3074 orationem
1100 3041 1183 3075 mecm.

125 3100 254 3153 solebant.
268 3129 308 3140 -—
324 3099 503 3151 Atmdavme.
522 3099 634 3152 Colerns
678 3099 829 3170 Utrumque
849 3102 974 3172 probum.
993 3099 1131 3168 vtd.111,
1151 3105 1183 3169 8,

125 3176 634 3236 melitambulouerat:sedmele.-1n
678 3191 731 3232 est.
757 3197 781 3232 r.

125 3259 228 3310 orbitate
242 3257 454 3310 cadithorstltu
471 3257 579 3326 conjicit
596 3263 631 3321 is,
720 3261 744 3311 5.
767 3259 800 3326 Q.
811 3257 919 3311 Marcius
931 3261 984 3312 llee
997 3264 1111 3332 superior.
1124 3263 1184 3314 Duo

129 3337 250 3390 Pericou.
266 3355 330 3390 vero
345 3335 432 3388 subin.
677 3338 748 3390 euim
768 3338 861 3392 Mercii
875 3341 957 3410 Reges
969 3339 1002 3392 ad
1018 3341 1182 3393 consulatum

169 3436 195 3470 s.
208 3417 335 3470 Proventu.
349 3416 475 3468 Succusa
485 3432 492 3466 :
503 3433 565 3468 nam
576 3435 633 3470 oru-
676 3432 868 3490 pervenerunt,
880 3431 955 3491 pater
967 3431 994 3472 et
1011 3419 1089 3473 filins.
1107 3419 1184 3473 Pater

125 3514 188 3548 nem
201 3495 383 3548 Macedoniam
396 3495 507 3548 concilio
518 3507 544 3548 et
555 3497 633 3550 muris
677 3515 718 3550 an.
733 3499 767 3550 U.
782 3499 839 3552 635
853 3515 913 3551 cum
933 3499 969 3551 Μ.
985 3499 1100 3563 Catone,
1117 3501 1184 3554 Cen·

125 3575 277 3645 subegerat,
286 3588 312 3627 et
319 3575 485 3647 megisetiem
495 3575 632 3630 clementie
676 3578 740 3629 sorii
751 3579 915 3649 nepote3qui
924 3580 952 3632 in
964 3577 1052 3634 Africa
1062 3587 1184 3633 eumor-

126 3653 267 3708 dericerat.
276 3656 346 3707 Male
352 3653 461 3726 qnidam
469 3653 547 3708 codd.
556 3656 630 3710 MSS.
675 3666 744 3710 tuus.
757 3659 791 3723 Q.
801 3658 916 3710 Marcius
927 3658 996 3710 illius
1009 3659 1079 3712 solus
1093 3673 1184 3732 postea

126 3735 226 3788 babent
245 3747 358 3804 provectu
379 3748 425 3790 ant
445 3747 564 3805 provecto.
592 3769 632 3780 -
674 3738 839 3790 consulatum
866 3738 966 3809 gessit,
985 3755 1028 3793 en.
1049 3741 1085 3793 U.
1114 3740 1181 3794 ⁶8⁵.

128 3813 315 3867 Convertamur.
343 3817 383 3868 Ita
412 3815 522 3868 omnino
543 3816 631 3886 legen·
675 3815 738 3869 Vid.
760 3816 829 3870 Gell.
849 3817 930 3882 xm,
959 3837 1009 3888 ¹93
1028 3819 1181 3872 Primitiae.

126 3893 207 3960 dum;
229 3912 300 3960 non,
319 3907 350 3947 ut
372 3894 481 3948 Colerun
506 3893 630 3966 scripsit,
675 3895 735 3948 Nat.
750 3895 796 3960 11,
823 3897 868 3950 31.
890 3897 968 3950 Unde
989 3909 1114 3973 apparet,
1127 3917 1182 3952 non

126 3985 277 4028 wamiam.
673 3979 813 4046 srrpenbn'r,
828 3987 858 4028 nt
872 3976 946 4030 Mss.
963 3979 1078 4044 babent,
1094 3979 1182 4051 legeu-

168 4053 193 4105 3.
214 4054 280 4106 Bene
294 4053 374 4108 heht.
397 4054 437 4106 Ex
457 4053 561 4108 solenni
576 4055 630 4107 ior·
673 4053 739 4108 dum
753 4074 823 4121 erce,
835 4053 879 4109 sed
892 4061 1009 4128 superior,
1023 4055 1094 4132 quod
1105 4059 1182 4131 Pigh.

124 4132 196 4184 mule
209 4131 319 4187 dictum.
674 4153 706 4186 er
720 4137 870 4206 conjecture
885 4138 1012 4208 reposuit.
