3184 5132
337 426 444 494 CAP.
473 421 595 507 vm,
630 423 700 491 DE
732 419 1052 490 MIRACULIS.
1174 445 1222 519 ῃ

147 537 359 652 adventuque
378 582 439 626 suo
456 569 707 652 tempestatem,
722 555 776 623 cui
795 552 941 622 remedio
962 553 1117 647 quaesitus
1136 570 1224 644 crat,

149 664 293 762 dispulit.
751 657 757 680 ⁸

205 771 238 843 3.
259 773 332 842 Nee
353 771 462 839 minus
483 768 692 839 voluntarius
717 766 857 837 lunonis
880 767 916 834 in
934 763 1053 834 urbem
1074 781 1222 836 nostram

148 877 338 948 transitus'.
364 878 479 971 Captis
506 901 526 944 a
553 877 653 944 Furio
675 872 816 945 Camillo
837 873 929 943 Veiis
938 869 962 960 ²,
988 871 1107 942 milites
1127 873 1221 967 jussu

148 985 356 1080 imperatoris
372 983 585 1053 simulacrum
600 983 740 1052 lunonis
759 981 923 1066 Manem,
941 977 1032 1072 quod
1049 978 1093 1048 ibi
1107 983 1222 1074 praci-

148 1117 214 1186 pua
235 1089 393 1185 religione
410 1088 537 1162 cultum
559 1099 650 1177 erat,
668 1089 702 1156 in
722 1087 841 1156 urbem
867 1083 1039 1171 tralaturi,
1067 1084 1144 1155 sede
1162 1111 1222 1156 sua

147 1222 284 1266 movere
306 1197 522 1266 conabantur.
543 1197 698 1285 Quorum
717 1194 760 1262 ab
780 1219 849 1263 uno
867 1217 927 1286 per
945 1191 1060 1284 jocum
1078 1193 1223 1263 interro·

149 1319 226 1400 gata
241 1306 334 1392 Dea,
345 1327 394 1372 aa
405 1306 550 1372 Romam
566 1307 715 1397 migrare
725 1302 848 1386 vellet,
865 1299 963 1368 Velle
975 1284 1031 1367 se³
1042 1299 1222 1394 respondit.

149 1415 223 1480 Hac
238 1435 320 1479 voce
335 1410 464 1498 audita,
485 1407 576 1479 lusus
594 1411 628 1476 in
647 1408 897 1476 admirationem
917 1429 1032 1475 versus
1052 1420 1110 1474 est.
1127 1409 1222 1476 Jam-

148 1543 214 1612 que
233 1542 301 1586 non
323 1515 557 1603 simulacrum,
578 1514 636 1584 scd
650 1515 755 1609 ipsam
776 1512 856 1583 caelo
877 1518 1045 1584 sunonem
1066 1513 1225 1608 petitam,

147 1637 284 1718 portare
304 1649 339 1692 se
362 1622 554 1710 credentes,
576 1620 641 1690 laeti
660 1622 694 1688 in
716 1645 755 1689 ea
777 1635 871 1716 parte
893 1605 1221 1709 montis⁴Aventini‚

147 1733 184 1799 in
205 1753 271 1824 qua
292 1753 381 1812 nunc
399 1727 561 1822 templum
575 1728 646 1820 ejus
659 1728 842 1814 cernimus,
857 1725 1115 1796 collocaverunt.

206 1841 239 1921 Δ.
256 1837 412 1904 Fortunae
430 1836 530 1902 etiam
548 1817 740 1901 Muliebris⁵
756 1830 986 1920 simulacrum,
999 1831 1089 1926 quod
1107 1846 1158 1902 est
1170 1834 1224 1901 sia

149 2033 265 2100 Insulae,
280 2035 316 2088 ob
331 2034 476 2106 AEscralapii
491 2033 596 2106 signum
606 2033 668 2087 navi
713 2045 767 2086 tam
776 2029 855 2098 dicit,
869 2030 996 2105 moniam
1006 2031 1035 2084 in
1046 2031 1147 2086 artibus
1154 2051 1223 2105 pra·

152 2113 309 2173 advectum,
326 2133 381 2167 non
400 2111 481 2167 modo
495 2115 569 2167 navis
583 2113 668 2186 figura
711 2113 791 2184 cipue
802 2113 888 2165 tenaci
901 2112 1028 2165 memoria
1041 2112 1075 2165 sit
1090 2131 1166 2184 opus.
1183 2115 1223 2168 De

150 2193 215 2248 data
224 2207 276 2260 est,
290 2210 383 2247 verum
395 2194 529 2247 memoriae
542 2197 598 2265 ejus
605 2213 667 2247 cau·
709 2193 818 2246 Junone
836 2205 925 2246 autem
940 2191 995 2246 Cic.
1015 2192 1045 2256 1,
1056 2189 1091 2244 de
1107 2193 1198 2246 Divin.
1213 2213 1221 2246 :

150 2294 196 2340 sa,
219 2275 293 2327 navis
309 2274 389 2327 etiarn
413 2293 444 2326 ex
467 2271 558 2345 lapide
570 2273 667 2327 Thasio
714 2297 725 2320 ι
737 2272 816 2325 etiam
827 2272 1017 2344 scriptumest,
1027 2271 1127 2344 inquit,
1138 2291 1221 2346 quum

151 2354 252 2418 excisa,
274 2355 303 2407 in
326 2351 444 2424 ejusdem
467 2353 560 2406 insulas
580 2352 666 2426 puppi
709 2365 787 2405 terras
807 2363 895 2405 motus
917 2351 1000 2405 factus
1021 2364 1102 2416 esset,
1124 2366 1155 2406 ut
1174 2373 1221 2408 sue

152 2434 280 2488 collocem
288 2433 354 2497 fuit,
364 2434 427 2487 etin
438 2435 518 2487 altera
526 2436 583 2504 ejus
591 2445 666 2506 parte
709 2433 788 2503 plena
802 2431 955 2504 procuratio
970 2430 1059 2496 fieret,
1076 2451 1170 2486 vocem
1187 2435 1220 2487 ab

154 2509 217 2576 (seu
232 2509 328 2586 prora)
342 2513 471 2585 serpentis
486 2513 665 2566 simulacrum.
709 2510 765 2564 tede
772 2512 887 2565 Iunonis
894 2531 926 2564 ex
933 2529 992 2564 arce
1002 2513 1221 2585 excutiamque·
1309 2527 1312 2534 ’

153 2592 307 2664 longitudo
330 2595 386 2664 ejus
406 2591 498 2647 studiis
519 2595 599 2665 pardo
618 2593 668 2646 mi·
709 2591 917 2646 eircaJunonem
924 2591 1222 2664 illamappellatam'Mo·

153 2681 205 2726 nus
218 2672 324 2726 duobus
339 2674 460 2744 patebat,
477 2671 589 2726 latitudo
606 2691 667 2744 pas·
709 2683 796 2725 netum.
811 2698 822 2720 ι

154 2753 226 2806 sibus
237 2753 270 2808 L.
286 2751 382 2806 AEdem
404 2753 548 2824 AEsculapii
567 2753 617 2806 bac
637 2753 666 2804 in
752 2753 777 2804 3.
795 2751 864 2804 Velle
878 2771 912 2805 se.
923 2751 990 2816 Quae
1005 2751 1134 2818 vox‚nisi
1146 2752 1222 2818 ficta,

155 2833 242 2886 insula
255 2851 313 2886 eam
327 2833 362 2885 ob
377 2851 482 2886 causam
496 2831 667 2884 constitutam
709 2831 786 2884 facile
798 2850 812 2884 a
823 2829 958 2884 sacerdote
972 2849 1004 2884 ex
1019 2828 1105 2901 adytis
1117 2831 1161 2884 edi
1174 2852 1223 2904 po·

154 2914 263 2979 volunt,
282 2911 356 2985 quod
368 2911 443 2965 fluxu
457 2924 484 2964 et
499 2923 574 2964 motu
587 2930 667 2984 aqua·
710 2923 829 2976 terat,ut
837 2911 1011 2964 reverentiam
1018 2911 1154 2982 presentis
1160 2913 1221 2966 Dea

153 2992 666 3062 rumaeriiatsalubrior.--Templum.
709 2991 860 3043 incuterent
881 2987 1006 3042 credulis.
1030 2990 1142 3042 Interim
1165 2991 1221 3064 ipse

153 3073 216 3138 Quo
225 3072 416 3125 conveniebant
428 3070 669 3142 remotiflaletudi·
709 3070 802 3122 Livius
815 3087 874 3122 rem
887 3069 1033 3122 fabulosam
1046 3067 1155 3140 judicet.

154 3151 199 3204 nis
207 3170 341 3223 prospera
351 3149 521 3205 restituendae
532 3169 617 3204 causa.
626 3181 668 3194 -
752 3156 778 3214 4.
793 3148 885 3202 Montis
897 3149 1020 3202 Aventini.
1033 3150 1075 3202 ab
1088 3151 1221 3205 Aventino

161 3231 315 3284 Trumnun't.
328 3231 399 3296 Alii,
414 3234 593 3294 transactarum
607 3231 667 3298 alii,
709 3229 874 3282 Albanorum
888 3247 949 3300 rege
964 3227 1066 3295 dictus,
1081 3231 1170 3302 quiin
1188 3251 1220 3286 eo

155 3313 281 3361 tranavit:
296 3309 407 3382 perinde
419 3325 466 3364 est.
710 3311 778 3362 colle
796 3310 867 3362 bello
889 3309 1033 3363 exstinctus
1057 3322 1083 3362 et
1103 3311 1222 3381 sepultus

203 3389 376 3442 1.Necminus
384 3429 429 3444 .....
438 3395 559 3443 transitio.
570 3391 620 3442 An.
631 3389 667 3444 U.
710 3389 807 3442 suerat.
826 3389 904 3442 Mons
922 3389 1070 3442 Aventinus
1089 3390 1124 3441 ab
1145 3393 1220 3445 Anco

158 3469 226 3540 357.
241 3468 300 3522 Liv.
317 3467 353 3534 V,
369 3489 420 3534 ²²3
435 3471 555 3523 Laetam.
570 3471 610 3533 11,
625 3489 651 3541 7.
710 3488 790 3540 rege,
809 3481 944 3522 crescente
966 3470 1065 3522 civium
1090 3487 1223 3536 numero,

200 3569 225 3602 a.
242 3549 319 3602 Veiis.
329 3549 369 3600 De
378 3567 430 3619 qua
439 3551 518 3615 urbe,
531 3548 668 3603 decennali
711 3551 771 3602 urbi
790 3547 912 3613 additus,
926 3549 1030 3602 celeber
1045 3548 1097 3601 tuit
1109 3550 1179 3603 Tatii
1194 3564 1221 3606 et

154 3626 669 3700 obsidioneaCamillocapta‚leguntur
711 3628 835 3682 Aventini
854 3647 946 3699 regum
970 3627 1105 3699 sepulcris.
1128 3630 1221 3686 Dictus

155 3710 272 3782 plurima
289 3705 361 3780 apud
379 3708 493 3761 Livium.
506 3740 548 3750 -
566 3710 668 3761 lunonis
711 3709 791 3761 etiarn
804 3709 929 3760 Remmius
944 3709 1070 3774 aRemo,
1084 3710 1220 3765 aMurcie

155 3789 273 3842 'Moneta
279 3787 331 3841 Seu
337 3788 446 3858 Regiuoe.
452 3787 578 3842 Camillus
586 3787 668 3842 adem
711 3787 846 3841 socordia
860 3787 954 3840 sacello
966 3787 1088 3850 Marcius,
1104 3791 1221 3845 aDianae

156 3865 345 3921 illidedicavit.
357 3868 466 3921 Moneta
473 3865 543 3920 dicta
551 3879 611 3920 esta
621 3887 669 3920 nro·
712 3869 812 3939 templo
827 3867 894 3918 cottis
906 3867 1005 3921 Dianae.
1014 3869 1047 3921 ln
1061 3867 1156 3923 eodem
1170 3873 1221 3924 Ca·
1250 3875 1254 3880 '

157 3949 243 4000 rreum.
259 3949 290 4000 lo
311 3948 438 4020 glossario
452 3947 590 4000 Philoxeni
605 3959 643 4000 est
659 3969 665 4000 :
713 3948 738 4000 ci
753 3947 877 4018 spelunca
893 3947 986 4001 frierat.

158 4027 267 4080 Moneta
291 4029 441 4098 assperitas.
457 4027 549 4081 Livius
565 4027 670 4080 Andro·
756 4028 907 4081 5.Fortmaoe
920 4031 990 4080 edum
1001 4029 1222 4083 Muliebriu'l'em·

160 4107 235 4160 uicus
244 4107 370 4161 Musarum
380 4120 478 4161 matrem
490 4109 568 4162 etiam
579 4107 671 4162 Mune·
713 4107 788 4181 plum
802 4108 904 4181 aceepit
918 4127 950 4163 eo
965 4109 1040 4180 boo,
1052 4109 1100 4163 ubi
1113 4105 1226 4164 Volumss
