3196 5122
301 511 408 582 ear.
436 511 473 598 1,
500 511 570 580 on
598 500 1011 586 MODERATIONE.
1114 519 1188 616 273

123 639 275 720 incursus
286 669 306 714 a
319 671 353 714 se
366 646 489 725 invicta
505 669 617 740 pugna
632 643 858 739 repellentem,
871 623 1073 745 cimctosque
1086 655 1190 724 virtu·

123 755 164 824 tis
186 777 341 822 numeros
364 751 545 821 altitudinis
565 778 631 822 suae
653 753 724 822 sinu
746 751 874 822 clausos
894 756 1147 830 custodientem.

178 857 210 930 3.
225 863 442 955 Nequaquam
462 857 612 928 Platoni¹
632 858 801 928 literarum
823 865 1110 934 commendatione
1129 893 1191 963 par

122 991 339 1060 syracusanus
359 969 471 1052 Dion,
495 965 553 1056 sed
571 965 661 1060 quod
685 967 727 1034 ad
747 968 967 1062 praestandam
990 973 1189 1046 moderatio·

121 1098 198 1142 nem
217 1077 351 1161 attinet,
380 1075 634 1144 vehementioris
655 1073 900 1168 experimentif.
924 1065 1050 1148 Patria³
1075 1081 1189 1174 pulsus

121 1204 141 1248 a
157 1182 318 1274 Dionysio
332 1196 489 1276 tyranno,
508 1183 679 1276 Megaram
699 1183 857 1275 petierat,
875 1182 933 1251 ubi
953 1209 1055 1278 quum
1074 1189 1188 1260 Theo-

121 1285 256 1372 dorum,
279 1290 462 1382 principem
476 1287 547 1380 ejus
569 1288 676 1374 urbis,
695 1288 784 1356 domi
804 1292 981 1359 convenire
999 1291 1113 1380 vellet,
1131 1321 1188 1364 ne·

121 1418 187 1486 que
216 1393 460 1480 admitteretur,
487 1394 629 1462 multum
658 1393 781 1486 diuque
810 1411 886 1464 ante
914 1396 1001 1468 fores
1026 1415 1189 1489 retentus,

121 1501 236 1568 comiti
263 1525 336 1570 suo:
361 1503 556 1570 «Patienter
580 1501 644 1568 hoc
667 1498 838 1570 ferendum
863 1515 927 1590 est,
957 1505 1012 1572 ait.
1039 1507 1189 1577 Forsitan

121 1607 209 1676 enim
232 1621 266 1676 et
287 1633 363 1692 nos,
392 1631 495 1702 quum
516 1609 548 1672 in
568 1605 673 1700 gradu
694 1605 861 1700 dignitatis
883 1625 1004 1680 nostrae
1026 1635 1189 1702 essemus,

120 1711 243 1808 aliquid
262 1713 326 1782 tale
345 1713 521 1782 fecimus.»
541 1713 616 1800 Qua
632 1710 866 1806 tranquillitate
880 1717 1024 1806 consilii,
1043 1719 1113 1816 ipse
1129 1721 1190 1790 sibi

120 1819 346 1906 conditionem
367 1819 469 1888 exsilii
490 1817 702 1914 placidiorem
726 1819 878 1888 reddidit.

177 1927 211 2008 Δ,
234 1911 478 2018 Thrasybulus⁴
500 1928 598 1992 etiam
618 1923 683 1994 hoc
706 1924 770 1993 loci
788 1927 1087 2020 apprehendendus
1109 1948 1160 2002 est
1179 1961 1187 2002 ε

119 2031 179 2123 qui
208 2029 367 2124 populum
396 2031 637 2117 atheniensem,
662 2033 798 2126 triginta
823 2047 1040 2125 tyrannorum
1066 2041 1190 2109 saevitia

120 2135 216 2204 sedes
243 2160 318 2203 suas
342 2135 526 2231 relinquere
552 2151 720 2224 coactum,
745 2137 993 2234 dispersamque
1014 2157 1047 2210 et
1069 2169 1188 2240 vagam

118 2243 223 2310 vitam
240 2243 467 2312 miserabiliter
481 2245 680 2339 exigentem,
699 2246 815 2313 animis
831 2249 955 2343 pariter
972 2263 1071 2342 atque
1089 2255 1188 2321 armis

118 2347 372 2437 confirmatum,
397 2353 430 2418 in
450 2353 589 2445 patriam
608 2349 746 2418 reduxit.
763 2353 932 2446 Insignem
952 2353 1070 2424 deinde
1089 2359 1187 2426 resti-

118 2455 247 2524 tutione
271 2453 428 2526 libertatis
454 2457 626 2526 victoriam
646 2455 818 2524 clariorem
839 2457 1008 2552 aliquanto
1031 2463 1186 2534 modera-

118 2562 217 2630 tionis
240 2561 335 2630 laude
354 2561 441 2632 fecit.
462 2561 569 2631 Plebis
588 2564 674 2630 enirn
697 2563 813 2632 scitum
830 2564 1042 2660 interposuit,
1065 2595 1106 2638 ne
1122 2597 1187 2666 qua

117 2670 359 2761 praeteritarum
384 2693 496 2739 rerum
522 2671 647 2738 mentio
673 2670 776 2738 lieret.
801 2673 880 2742 llaec
908 2671 1054 2760 oblivio,
1085 2703 1186 2770 quam

117 2775 334 2844 Athenienses
361 2761 552 2869 ἀμνηστίαν5
572 2789 709 2862 vocant,
738 2799 935 2846 concussum
963 2793 997 2846 et
1021 2780 1186 2852 labentem

118 2879 261 2951 civitatis
282 2897 422 2972 statum,
444 2885 479 2950 in
500 2883 679 2978 pristinum
701 2881 851 2950 habitum
873 2888 1051 2952 revocavit

116 3074 245 3139 matiam,
256 3075 355 3128 animas
367 3077 395 3128 in
411 3076 474 3128 calo
491 3075 629 3141 formatas,
717 3091 742 3128 1.
751 3072 927 3126 PanatVid.
940 3075 1010 3128 Plut.
1023 3073 1050 3128 in
1060 3077 1107 3128 vit.
1120 3082 1185 3150 ejus.

116 3166 260 3223 antequam
276 3155 304 3206 in
319 3173 432 3225 corpora
444 3153 628 3210 demittantur.
716 3173 740 3208 a.
765 3153 952 3206 Velrementr'arr's
972 3161 1133 3224 experimenti.
1151 3157 1185 3212 Id

115 3233 291 3285 -Irrcarsua
303 3233 438 3286 Vitiorum
452 3235 630 3288 humanorum
673 3245 725 3298 est,
740 3233 825 3289 multo
846 3235 929 3304 majus
947 3236 1080 3305 specimen
1095 3237 1186 3292 mode·

115 3312 245 3382 impetus.
259 3344 298 3354 -
312 3311 461 3384 Capetusque
476 3319 573 3366 ar'rtutr's
587 3335 630 3368 nu·
672 3311 782 3365 rationis
804 3311 888 3366 edidit
902 3315 987 3382 Dion,
1006 3335 1085 3386 quarn
1100 3317 1183 3372 Plato.

115 3411 205 3444 meros.
221 3390 293 3444 Sicut
305 3387 435 3446 dicimus:
451 3394 631 3447 omnibusne·
672 3393 802 3446 Nonnulli
825 3391 929 3448 codices
952 3395 1050 3452 hahent
1067 3399 1180 3468 exempli,

115 3470 201 3524 meris
222 3471 374 3537 absolutos,
396 3491 487 3526 omnes
505 3493 629 3527 numeros
672 3471 745 3544 quod
760 3473 872 3543 glossam
883 3473 994 3528 redolet.

115 3547 232 3621 implere
245 3588 253 3614 ‚
269 3550 367 3621 quoda
382 3571 413 3606 re
425 3553 570 3624 palestrica
582 3572 629 3624 pe·
715 3553 740 3606 3.
748 3554 843 3606 Patria.
851 3554 995 3624 Syracusis.
1003 3555 1180 3625 --Megaram

58 3659 60 3662 ·
116 3631 200 3682 titum
222 3629 411 3686 viderunvtd.
427 3633 517 3686 Senee.
536 3631 570 3686 de
583 3635 630 3688 Be·
672 3633 867 3703 Megara,urhs
883 3634 1002 3696 Achaia,
1020 3635 1048 3689 iu
1064 3637 1181 3694 confinio

115 3711 196 3762 nelic.
209 3711 280 3774 VII,
298 3730 331 3777 1;
350 3712 462 3776 Quintil.
480 3712 546 3778 xll;
561 3713 628 3766 Plin.
672 3714 765 3766 Atticae
779 3726 805 3765 et
819 3713 1002 3782 Peloponnesi.

115 3789 188 3861 Epp.
201 3791 230 3854 Ι,
240 3811 283 3862 ep.
298 3809 346 3857 ιη
359 3791 414 3847 Cic.
422 3790 456 3846 de
463 3793 484 3844 F
486 3793 521 3846 in.
537 3795 591 3858 ΙΙΙ,
601 3811 628 3862 7.
715 3800 740 3856 4.
767 3793 939 3859 Thrasybulus.
952 3791 1017 3846 vid.
1031 3795 1136 3849 Cornel.
1152 3798 1180 3850 in

115 3900 157 3910 -
171 3869 373 3926 Altitndahr's.....
389 3873 565 3926 aristodimum.
580 3874 629 3926 Ni·
672 3872 803 3942 Thrasyb.
811 3886 837 3924 et
845 3873 862 3924 J
865 3873 1180 3944 ustin.V.‘-Apprahen·

116 3949 168 4002 mis
178 3947 361 4016 detortum‚et
370 3953 491 4006 affectata
500 3953 628 4024 elegantia
672 3952 763 4004 denda·
781 3965 823 4004 est.
843 3951 902 4004 Scil.
922 3953 998 4019 stilo;
1012 3951 1041 4006 id
1053 3967 1107 4020 est,
1120 3958 1181 4010 acri·

115 4047 168 4098 pro
180 4048 187 4084 :
198 4033 440 4101 praesentissimam
448 4034 574 4086 uirtutem
587 4052 628 4086 sa·
671 4031 790 4086 bendum
802 4029 836 4084 de
849 4049 892 4084 eo.

115 4109 281 4177 pientissimo
299 4114 511 4186 probissimoque
539 4113 628 4166 animo
715 4113 740 4166 5.
757 4104 893 4180 Ᾰμνηςίαν.
907 4111 995 4178 Quam
1007 4131 1102 4186 magna
1117 4135 1177 4170 cum

116 4187 320 4246 custodientem.
671 4191 749 4246 laude
772 4191 896 4263 repetivit
921 4191 1046 4265 singulari
1072 4195 1179 4250 demeto

199 4291 226 4354 I.
953 4293 996 4361 18
