3184 5132
251 437 355 506 cte.
387 437 425 524 1,
452 436 521 504 ne
553 435 854 506 martinon.
886 437 1026 507 ntro.
1127 464 1178 538 99

114 567 280 663 pudicitiae
294 567 562 656 honorabantur3
575 567 806 638 existimabant
820 570 907 638 enim
923 594 999 638 curn
1013 573 1179 668 praecipue
1212 659 1215 666 ⁴

113 689 272 744 matronae
290 674 417 744 sincera
431 673 496 742 fide
514 677 744 768 incorruptum
757 699 833 744 esse
850 676 1018 764 animum,
1033 679 1088 770 qui
1103 693 1180 774 post

111 781 270 875 depositae
283 781 480 876 virginitatis
501 779 608 852 cubile
629 781 662 848 in
680 778 867 876 publicum¹
887 781 998 877 egredi
1020 785 1179 874 nesciret;

113 886 293 956 multorum
320 887 605 954 matrimoniorum
629 889 862 980 experientiam
888 889 979 981 quasi
1003 885 1178 984 illegitimae

111 991 284 1087 cujusdam
301 994 560 1088 intemperantiae
578 993 707 1086 signum
725 1017 796 1062 esse
818 993 998 1064 credentes.

168 1119 204 1202 d.
227 1115 415 1211 Repudium
442 1118 527 1186 inter
554 1141 691 1186 uxorem
714 1131 747 1186 et
771 1119 881 1186 virum
901 1142 921 1186 a
942 1116 1075 1188 condita
1095 1121 1179 1190 urbe

113 1221 280 1316 usquead
303 1224 496 1292 vicesimum
515 1237 549 1291 et
568 1221 887 1316 quingentesimum²
908 1247 1032 1295 annum
1052 1224 1179 1299 nullum

110 1331 449 1424 intercessit3primus
464 1344 574 1398 autem
591 1331 646 1423 Sp.
664 1327 827 1400 Carvilius
845 1354 981 1401 uxorem
1001 1329 1179 1402 sterilitatis

111 1459 214 1504 causa
228 1434 370 1516 dimisit,
385 1437 441 1528 qui
457 1459 657 1528 quamquam
672 1433 833 1504 tolerabili
848 1420 994 1506 ratione³
1013 1451 1123 1506 motus
1137 1439 1182 1506 vi·

111 1541 271 1626 debatur,
288 1541 542 1634 reprehensione
561 1555 672 1610 tamen
691 1566 758 1610 non
778 1543 883 1612 caruit
897 1595 907 1629 ‚
920 1545 996 1636 quia
1010 1567 1071 1613 nec
1087 1546 1178 1637 cupi·

110 1647 249 1716 ditatem
262 1646 394 1740 quidem
406 1646 585 1717 liberorum
598 1645 763 1739 conjugali
774 1645 850 1721 fidei
867 1649 1015 1741 praeponi
1029 1648 1180 1722 debuisse

109 1752 369 1822 arbitrabantur.

171 1872 205 1946 5.
225 1874 289 1946 Sed
311 1898 377 1968 quo
402 1871 583 1943 matronale
609 1871 729 1959 decus,
751 1871 957 1942 verecundie
975 1875 1181 1944 munimento

110 1983 220 2050 tutius
239 1993 337 2066 esset,
356 1978 457 2071 injus
474 1979 604 2046 vocanti
622 1965 834 2049 matronam⁴
853 2003 974 2074 corpus
992 1979 1063 2073 ejus
1083 1982 1180 2050 attin·

161 2199 185 2233 r.
211 2181 241 2232 In
268 2179 388 2249 publicum
415 2177 537 2230 Vorstius
563 2195 624 2229 cum
670 2177 756 2230 lienus
769 2178 796 2230 in
816 2177 919 2249 apolog.
939 2191 965 2231 et
982 2177 1016 2232 de
1033 2199 1177 2254 monogyu.

109 2257 195 2313 codd.
208 2257 306 2312 Brund.
325 2270 351 2310 et
363 2257 496 2309 veteribus
509 2253 569 2309 edd.
586 2257 624 2308 le·
669 2269 803 2310 sexcentos
810 2275 892 2310 annos
898 2259 1177 2332 nominat,antequam

110 2337 230 2412 gendum
236 2333 431 2410 judicat,quod
440 2335 625 2400 etmihi,tam·
668 2336 785 2408 primum
800 2333 945 2390 divortium
964 2337 1098 2393 acciderit.
1117 2339 1176 2394 Pri-

109 2438 194 2492 quam
207 2418 285 2470 lectio
298 2415 414 2479 facilior,
427 2415 536 2486 placuit,
558 2413 623 2468 dum
668 2417 795 2486 mus‚qui
804 2434 913 2468 uxorem
922 2435 996 2470 suam
1007 2419 1043 2471 ob
1053 2419 1175 2472 sterilita-

111 2500 159 2551 alii
175 2497 335 2553 subobscure
347 2493 459 2566 pudicum
473 2513 622 2566 reposuere.
668 2506 721 2546 tem
730 2493 896 2558 dimisit,luit
904 2506 968 2548 teste
977 2497 1107 2569 Dionysio
1114 2500 1177 2553 Car·

110 2609 156 2621 -
171 2579 314 2648 illegitima.
334 2575 396 2630 llaec
411 2575 490 2627 lectio
506 2573 623 2646 plurium
667 2573 763 2626 vilius:
779 2571 880 2646 idque,
895 2577 1015 2646 quamvis
1029 2581 1175 2632 necessario

110 2655 193 2710 codd.
215 2656 289 2709 MSS.
310 2653 364 2707 fide
377 2655 489 2717 nititur,
513 2672 624 2724 eamque
667 2651 1173 2728 sectum,tamenpopulusintprobavit.

110 2735 191 2808 Pigh.
207 2750 233 2788 et
248 2735 292 2790 alii
307 2731 422 2787 edidere.
437 2733 526 2803 Vulgo
542 2731 623 2802 teget·
667 2731 1176 2808 ipsumCiceronemrituperaruntnon·

110 2838 161 2869 moe
173 2815 282 2886 legitur,
298 2833 376 2886 quam
392 2815 451 2866 lect.
467 2813 538 2884 vulg.
554 2811 624 2864 Tor·
667 2812 748 2878 nulli,
762 2811 835 2883 quod
851 2813 953 2866 levibus
965 2811 1000 2866 de
1015 2816 1099 2867 causis
1113 2835 1176 2869 uxo·

108 2916 172 2950 ren.
193 2908 219 2948 et
236 2897 324 2966 Kapp.
342 2892 447 2966 sequuti
466 2904 537 2944 sunt¹
556 2889 624 2946 Seue
667 2910 723 2944 rem
738 2891 889 2944 Terentiam
912 2889 1060 2946 dimisisset.
1075 2895 1176 2960 Quanti

108 2973 183 3029 illud
190 2976 300 3044 legitima
309 2971 427 3046 apprime
434 2968 624 3044 hucquadrare
667 2989 731 3023 vero
748 2984 836 3023 motus
849 2971 935 3024 exorti
949 2971 1014 3034 sint,
1028 2991 1110 3044 quum
1122 2973 1175 3027 Oc-

107 3054 236 3121 videtur,
247 3053 312 3108 dum
322 3065 390 3105 auct.
403 3053 470 3104 benc
478 3049 626 3124 dicerepo·
668 3050 730 3102 tarii
752 3068 869 3102 sororem
889 3049 1020 3102 Antonius
1041 3051 1176 3125 repudias·

106 3147 197 3198 terat,
212 3133 396 3204 experientiam
412 3131 557 3183 multorum
571 3149 625 3182 ma·
668 3142 719 3192 set,
733 3130 866 3182 neminem
876 3129 947 3182 latet.
961 3129 984 3182 E
998 3130 1123 3186 Terentio
1136 3147 1174 3186 ta·

106 3213 305 3268 trimoniorum
317 3213 420 3282 signum
431 3229 485 3264 esse
498 3211 626 3281 intempe·
667 3226 729 3260 men
751 3208 894 3274 discimus,
913 3212 968 3281 jam
984 3210 1075 3281 prius,
1095 3231 1174 3284 quam

105 3291 225 3354 tantiae,
240 3290 283 3340 sed
297 3291 407 3360 legitimae
421 3303 510 3356 tamen,
525 3291 624 3362 quippe
668 3286 777 3341 domum
788 3287 907 3359 quedam
917 3286 1074 3356 duceretur,
1086 3293 1176 3344 remis·

106 3389 178 3448 quae
204 3373 319 3441 permissa
340 3381 399 3421 esset
421 3369 519 3440 legibus.
543 3365 626 3420 Addit
667 3387 727 3422 sum
742 3366 876 3420 interdurn
890 3366 1033 3441 repudium
1047 3369 1133 3423 l'uisse.

107 3448 626 3522 ‘dampnumqueroxnostramlectio-
710 3447 735 3502 3.
753 3447 990 3500 Tolembilimtionc.
1001 3449 1175 3514 Quitseilioet

109 3551 177 3588 uem
189 3528 343 3593 confirmatu
352 3546 448 3580 names
458 3528 625 3600 significatur,
668 3545 777 3580 uxorem
783 3527 909 3579 liber-oram
916 3527 1095 3600 quaerendorum
1100 3548 1176 3584 cause

110 3609 350 3681 intemperantiam
368 3607 440 3660 illam
457 3608 625 3672 feminarum,
668 3607 785 3661 duxerat.

110 3687 534 3766 pluriumquqmatrimouiorum
549 3705 627 3758 expe·
710 3685 887 3750 adlati-onam.
899 3712 909 3733 ι
920 3684 1047 3748 Matrona,
1056 3699 1087 3739 ut
1094 3687 1176 3742 tradit

111 3771 256 3834 rientiam,
277 3767 368 3838 legibue
383 3765 564 3838 ‘emittendam
580 3785 628 3818 non
668 3765 800 3830 isidorus,
810 3765 1113 3838 X,rap.ult.,est,quae
1120 3771 1175 3840 jam

111 3851 205 3906 videri.
670 3843 1178 3920 nupsit,etdictaroatronaquasimater

158 3951 186 3984 a.
205 3929 348 3980 Vicesimm
368 3937 393 3978 ct
411 3927 628 4000 quingentesimum.
671 3930 733 3986 nati,
742 3925 785 3977 vel
792 3925 911 3997 quiajam
921 3938 1004 3984 mater
1012 3925 1175 4000 lieripotest:

113 4008 261 4080 Conspirat
275 4027 336 4062 cum
344 4007 451 4059 Valerio
466 4018 556 4058 nostro
563 4004 629 4058 Dio·
672 4003 744 4056 unde
753 4017 778 4056 et
788 4005 984 4060 matrimonium
990 4004 1105 4075 dictum.
1118 4033 1129 4054 υ
1143 4009 1179 4060 Iis

113 4109 178 4161 nys.
194 4089 238 4157 11,
251 4101 278 4143 et
294 4087 395 4142 Gellius
408 4087 461 4151 tV,
479 4086 509 4152 33
523 4083 629 4138 Tertul·
673 4085 750 4138 stolas
763 4083 879 4144 habendi
890 4089 932 4158 jus
942 4099 1013 4156 erat,
1028 4087 1179 4160 testeFesto

968 4221 987 4293 7
