<?xml version="1.0" encoding="UTF-8"?>
<!DOCTYPE html PUBLIC "-//W3C//DTD XHTML 1.0 Transitional//EN"
    "http://www.w3.org/TR/xhtml1/DTD/xhtml1-transitional.dtd">
<html xmlns="http://www.w3.org/1999/xhtml" xml:lang="en" lang="en">
 <head>
  <title>
</title>
<meta http-equiv="Content-Type" content="text/html;charset=utf-8" />
  <meta name='ocr-system' content='tesseract 3.04.00' />
  <meta name='ocr-capabilities' content='ocr_page ocr_carea ocr_par ocr_line ocrx_word'/>
</head>
<body>
  <div class='ocr_page' id='page_1' title='image "./valeriusmaximus01lykogoog_0150.png"; bbox 0 0 3184 5132; ppageno 0'>
   <div class='ocr_carea' id='block_1_1' title="bbox 307 513 1252 604">
    <p class='ocr_par' dir='ltr' id='par_1_1' title="bbox 307 513 1252 604">
     <span class='ocr_line' id='line_1_1' title="bbox 307 513 1252 604; baseline 0.006 -16"><span class='ocrx_word' id='word_1_1' title='bbox 307 517 419 588; x_wconf 74' lang='lat' dir='ltr'><strong>CAP.</strong></span> <span class='ocrx_word' id='word_1_2' title='bbox 446 519 490 604; x_wconf 88' lang='lat' dir='ltr'>V,</span> <span class='ocrx_word' id='word_1_3' title='bbox 517 520 584 586; x_wconf 90' lang='lat' dir='ltr'>DE</span> <span class='ocrx_word' id='word_1_4' title='bbox 612 515 829 588; x_wconf 85' lang='lat' dir='ltr'><strong>FRUGAL.</strong></span> <span class='ocrx_word' id='word_1_5' title='bbox 857 521 920 588; x_wconf 87' lang='grc' dir='ltr'>ΕΤ</span> <span class='ocrx_word' id='word_1_6' title='bbox 947 513 1121 592; x_wconf 80' lang='lat' dir='ltr'>INN&#39;oc.</span> <span class='ocrx_word' id='word_1_7' title='bbox 1182 523 1252 594; x_wconf 75' lang='lat'>123</span> 
     </span>
    </p>
   </div>
   <div class='ocr_carea' id='block_1_2' title="bbox 184 647 1250 1042">
    <p class='ocr_par' dir='ltr' id='par_1_2' title="bbox 184 647 1250 1042">
     <span class='ocr_line' id='line_1_2' title="bbox 239 647 1250 747; baseline 0.005 -29"><span class='ocrx_word' id='word_1_8' title='bbox 239 675 271 746; x_wconf 88' lang='lat'>7.</span> <span class='ocrx_word' id='word_1_9' title='bbox 284 651 371 718; x_wconf 85' lang='lat' dir='ltr'>Nam</span> <span class='ocrx_word' id='word_1_10' title='bbox 388 647 618 744; x_wconf 83' lang='lat' dir='ltr'>gladiatorium</span> <span class='ocrx_word' id='word_1_11' title='bbox 633 649 771 720; x_wconf 87' lang='lat' dir='ltr'>munus¹</span> <span class='ocrx_word' id='word_1_12' title='bbox 788 652 932 747; x_wconf 88' lang='lat' dir='ltr'>primum</span> <span class='ocrx_word' id='word_1_13' title='bbox 949 653 1064 722; x_wconf 81' lang='lat' dir='ltr'>Romae</span> <span class='ocrx_word' id='word_1_14' title='bbox 1083 653 1197 722; x_wconf 89' lang='lat' dir='ltr'>datum</span> <span class='ocrx_word' id='word_1_15' title='bbox 1217 658 1250 723; x_wconf 93' lang='lat' dir='ltr'>in</span> 
     </span>
     <span class='ocr_line' id='line_1_3' title="bbox 185 755 1249 852; baseline 0.006 -28"><span class='ocrx_word' id='word_1_16' title='bbox 185 757 260 825; x_wconf 86' lang='lat' dir='ltr'>foro</span> <span class='ocrx_word' id='word_1_17' title='bbox 281 757 414 845; x_wconf 86' lang='lat' dir='ltr'>boario,</span> <span class='ocrx_word' id='word_1_18' title='bbox 434 759 497 852; x_wconf 88' lang='lat' dir='ltr'>Ap.</span> <span class='ocrx_word' id='word_1_19' title='bbox 517 755 673 844; x_wconf 87' lang='lat' dir='ltr'>Claudio,</span> <span class='ocrx_word' id='word_1_20' title='bbox 696 759 742 826; x_wconf 90' lang='lat' dir='ltr'>M.</span> <span class='ocrx_word' id='word_1_21' title='bbox 765 757 883 826; x_wconf 86' lang='lat' dir='ltr'>Fulvio</span> <span class='ocrx_word' id='word_1_22' title='bbox 901 783 992 828; x_wconf 89' lang='lat' dir='ltr'>coss:</span> <span class='ocrx_word' id='word_1_23' title='bbox 1016 759 1180 830; x_wconf 90' lang='lat' dir='ltr'>dederunt</span> <span class='ocrx_word' id='word_1_24' title='bbox 1202 764 1249 830; x_wconf 88' lang='lat' dir='ltr'>M.</span> 
     </span>
     <span class='ocr_line' id='line_1_4' title="bbox 184 863 1249 960; baseline 0.006 -31"><span class='ocrx_word' id='word_1_25' title='bbox 184 876 219 930; x_wconf 91' lang='lat' dir='ltr'>et</span> <span class='ocrx_word' id='word_1_26' title='bbox 237 865 279 931; x_wconf 92' lang='lat' dir='ltr'>D.</span> <span class='ocrx_word' id='word_1_27' title='bbox 298 865 406 948; x_wconf 82' lang='lat' dir='ltr'>Bruti,</span> <span class='ocrx_word' id='word_1_28' title='bbox 426 863 557 931; x_wconf 84' lang='lat' dir='ltr'>funebri</span> <span class='ocrx_word' id='word_1_29' title='bbox 582 865 741 932; x_wconf 84' lang='lat' dir='ltr'>memoria</span> <span class='ocrx_word' id='word_1_30' title='bbox 763 865 865 960; x_wconf 88' lang='lat' dir='ltr'>patris</span> <span class='ocrx_word' id='word_1_31' title='bbox 887 867 1006 934; x_wconf 89' lang='lat' dir='ltr'>cineris</span> <span class='ocrx_word' id='word_1_32' title='bbox 1029 866 1249 935; x_wconf 89' lang='lat' dir='ltr'>honorando:</span> 
     </span>
     <span class='ocr_line' id='line_1_5' title="bbox 185 967 1249 1042; baseline 0.007 -7"><span class='ocrx_word' id='word_1_33' title='bbox 185 967 401 1038; x_wconf 88' lang='lat' dir='ltr'>athletarum²</span> <span class='ocrx_word' id='word_1_34' title='bbox 411 984 579 1038; x_wconf 85' lang='lat' dir='ltr'>certamen</span> <span class='ocrx_word' id='word_1_35' title='bbox 589 971 664 1038; x_wconf 79' lang='lat' dir='ltr'>att.</span> <span class='ocrx_word' id='word_1_36' title='bbox 671 971 785 1039; x_wconf 89' lang='lat' dir='ltr'>Scauri</span> <span class='ocrx_word' id='word_1_37' title='bbox 799 985 942 1040; x_wconf 89' lang='lat' dir='ltr'>tractum</span> <span class='ocrx_word' id='word_1_38' title='bbox 954 986 1004 1040; x_wconf 90' lang='lat' dir='ltr'>est</span> <span class='ocrx_word' id='word_1_39' title='bbox 1014 972 1249 1042; x_wconf 88' lang='lat' dir='ltr'>munificentia.</span> 
     </span>
    </p>
   </div>
   <div class='ocr_carea' id='block_1_3' title="bbox 564 1203 891 1296">
    <p class='ocr_par' dir='ltr' id='par_1_3' title="bbox 564 1203 891 1296">
     <span class='ocr_line' id='line_1_6' title="bbox 564 1203 891 1296; baseline -0.006 -3"><span class='ocrx_word' id='word_1_40' title='bbox 564 1203 796 1293; x_wconf 88' lang='lat' dir='ltr'><strong>CAPUT</strong></span> <span class='ocrx_word' id='word_1_41' title='bbox 837 1207 891 1296; x_wconf 88' lang='lat' dir='ltr'>V.</span> 
     </span>
    </p>
   </div>
   <div class='ocr_carea' id='block_1_4' title="bbox 428 1417 1005 1512">
    <p class='ocr_par' dir='ltr' id='par_1_4' title="bbox 428 1417 1005 1512">
     <span class='ocr_line' id='line_1_7' title="bbox 428 1417 1005 1512; baseline -0.005 -26"><span class='ocrx_word' id='word_1_42' title='bbox 428 1417 482 1486; x_wconf 85' lang='lat' dir='ltr'>De</span> <span class='ocrx_word' id='word_1_43' title='bbox 499 1419 720 1512; x_wconf 78' lang='lat' dir='ltr'>Frugalz&#39;tate</span> <span class='ocrx_word' id='word_1_44' title='bbox 736 1431 773 1484; x_wconf 85' lang='lat' dir='ltr'>et</span> <span class='ocrx_word' id='word_1_45' title='bbox 791 1421 1005 1486; x_wconf 82' lang='lat' dir='ltr'>Innocentio.</span> 
     </span>
    </p>
   </div>
   <div class='ocr_carea' id='block_1_5' title="bbox 188 1614 1256 1835">
    <p class='ocr_par' dir='ltr' id='par_1_5' title="bbox 188 1614 1256 1835">
     <span class='ocr_line' id='line_1_8' title="bbox 188 1614 1256 1676; baseline 0 -14"><span class='ocrx_word' id='word_1_46' title='bbox 188 1631 209 1662; x_wconf 89' lang='lat' dir='ltr'>s.</span> <span class='ocrx_word' id='word_1_47' title='bbox 229 1616 305 1662; x_wconf 81' lang='lat' dir='ltr'>Prima</span> <span class='ocrx_word' id='word_1_48' title='bbox 316 1625 395 1661; x_wconf 80' lang='lat' dir='ltr'>aurata</span> <span class='ocrx_word' id='word_1_49' title='bbox 406 1624 480 1661; x_wconf 76' lang='lat' dir='ltr'>sutus</span> <span class='ocrx_word' id='word_1_50' title='bbox 491 1616 516 1660; x_wconf 88' lang='lat' dir='ltr'>iu</span> <span class='ocrx_word' id='word_1_51' title='bbox 527 1615 594 1660; x_wconf 90' lang='lat' dir='ltr'>urbe.</span> <span class='ocrx_word' id='word_1_52' title='bbox 604 1639 636 1650; x_wconf 91' lang='lat'><em>-</em></span> <span class='ocrx_word' id='word_1_53' title='bbox 645 1629 668 1661; x_wconf 86' lang='lat' dir='ltr'>a.</span> <span class='ocrx_word' id='word_1_54' title='bbox 680 1617 692 1660; x_wconf 84' lang='lat' dir='ltr'>J</span> <span class='ocrx_word' id='word_1_55' title='bbox 695 1631 722 1660; x_wconf 86' lang='lat' dir='ltr'>ns</span> <span class='ocrx_word' id='word_1_56' title='bbox 734 1615 803 1661; x_wconf 80' lang='lat' dir='ltr'>civile</span> <span class='ocrx_word' id='word_1_57' title='bbox 814 1631 868 1662; x_wconf 88' lang='lat' dir='ltr'>cum</span> <span class='ocrx_word' id='word_1_58' title='bbox 880 1614 945 1661; x_wconf 75' lang='lat' dir='ltr'>lasus</span> <span class='ocrx_word' id='word_1_59' title='bbox 954 1615 1134 1676; x_wconf 76' lang='lat' dir='ltr'>promulgatum.</span> <span class='ocrx_word' id='word_1_60' title='bbox 1146 1639 1177 1653; x_wconf 66' lang='lat' dir='ltr'>u·</span> <span class='ocrx_word' id='word_1_61' title='bbox 1187 1619 1256 1664; x_wconf 70' lang='lat' dir='ltr'>Me-</span> 
     </span>
     <span class='ocr_line' id='line_1_9' title="bbox 218 1693 1255 1756; baseline 0.004 -18"><span class='ocrx_word' id='word_1_62' title='bbox 218 1695 295 1741; x_wconf 82' lang='lat' dir='ltr'>neficii</span> <span class='ocrx_word' id='word_1_63' title='bbox 311 1695 386 1756; x_wconf 81' lang='lat' dir='ltr'>prima</span> <span class='ocrx_word' id='word_1_64' title='bbox 398 1694 502 1756; x_wconf 73' lang='lat' dir='ltr'>quaestio.</span> <span class='ocrx_word' id='word_1_65' title='bbox 514 1719 545 1728; x_wconf 96' lang='lat'><em>-</em></span> <span class='ocrx_word' id='word_1_66' title='bbox 556 1703 578 1748; x_wconf 71' lang='lat'>4.</span> <span class='ocrx_word' id='word_1_67' title='bbox 591 1693 723 1739; x_wconf 83' lang='lat' dir='ltr'>Tibicinum</span> <span class='ocrx_word' id='word_1_68' title='bbox 736 1694 884 1755; x_wconf 68' lang='lat' dir='ltr'>quinquatria</span> <span class='ocrx_word' id='word_1_69' title='bbox 905 1695 988 1756; x_wconf 84' lang='lat' dir='ltr'>prima.</span> <span class='ocrx_word' id='word_1_70' title='bbox 1000 1718 1032 1729; x_wconf 92' lang='lat'>-</span> <span class='ocrx_word' id='word_1_71' title='bbox 1044 1693 1065 1740; x_wconf 79' lang='lat'>5.</span> <span class='ocrx_word' id='word_1_72' title='bbox 1080 1695 1184 1756; x_wconf 71' lang='lat' dir='ltr'>tragulis</span> <span class='ocrx_word' id='word_1_73' title='bbox 1196 1696 1255 1742; x_wconf 82' lang='lat' dir='ltr'>anti·</span> 
     </span>
     <span class='ocr_line' id='line_1_10' title="bbox 218 1771 858 1835; baseline 0.002 -16"><span class='ocrx_word' id='word_1_74' title='bbox 218 1790 319 1835; x_wconf 90' lang='lat' dir='ltr'>quornm</span> <span class='ocrx_word' id='word_1_75' title='bbox 333 1775 416 1820; x_wconf 81' lang='lat' dir='ltr'>rictus.</span> <span class='ocrx_word' id='word_1_76' title='bbox 427 1799 458 1808; x_wconf 97' lang='lat'>—</span> <span class='ocrx_word' id='word_1_77' title='bbox 468 1773 492 1820; x_wconf 78' lang='lat'>6.</span> <span class='ocrx_word' id='word_1_78' title='bbox 507 1771 587 1819; x_wconf 75' lang='lat' dir='ltr'>Febris</span> <span class='ocrx_word' id='word_1_79' title='bbox 600 1773 649 1819; x_wconf 81' lang='lat' dir='ltr'>deae</span> <span class='ocrx_word' id='word_1_80' title='bbox 662 1773 744 1819; x_wconf 83' lang='lat' dir='ltr'>sacella</span> <span class='ocrx_word' id='word_1_81' title='bbox 756 1773 780 1819; x_wconf 89' lang='lat' dir='ltr'>in</span> <span class='ocrx_word' id='word_1_82' title='bbox 792 1774 858 1820; x_wconf 86' lang='lat' dir='ltr'>urbe.</span> 
     </span>
    </p>
   </div>
   <div class='ocr_carea' id='block_1_6' title="bbox 189 1923 1258 2244">
    <p class='ocr_par' dir='ltr' id='par_1_6' title="bbox 189 1923 1258 2244">
     <span class='ocr_line' id='line_1_11' title="bbox 250 1923 1258 2034; baseline 0.001 -28"><span class='ocrx_word' id='word_1_83' title='bbox 250 1963 278 2006; x_wconf 91' lang='lat'>1.</span> <span class='ocrx_word' id='word_1_84' title='bbox 305 1941 454 2006; x_wconf 85' lang='lat' dir='ltr'>Statuam</span> <span class='ocrx_word' id='word_1_85' title='bbox 473 1923 643 2006; x_wconf 82' lang='lat' dir='ltr'>auratam³</span> <span class='ocrx_word' id='word_1_86' title='bbox 670 1962 730 2005; x_wconf 88' lang='lat' dir='ltr'>nec</span> <span class='ocrx_word' id='word_1_87' title='bbox 754 1938 788 2004; x_wconf 88' lang='lat' dir='ltr'>in</span> <span class='ocrx_word' id='word_1_88' title='bbox 810 1937 909 2024; x_wconf 89' lang='lat' dir='ltr'>urbe,</span> <span class='ocrx_word' id='word_1_89' title='bbox 931 1961 992 2005; x_wconf 92' lang='lat' dir='ltr'>nec</span> <span class='ocrx_word' id='word_1_90' title='bbox 1018 1939 1051 2005; x_wconf 92' lang='lat' dir='ltr'>in</span> <span class='ocrx_word' id='word_1_91' title='bbox 1074 1935 1141 2005; x_wconf 89' lang='lat' dir='ltr'>ulla</span> <span class='ocrx_word' id='word_1_92' title='bbox 1164 1953 1258 2034; x_wconf 86' lang='lat' dir='ltr'>parte</span> 
     </span>
     <span class='ocr_line' id='line_1_12' title="bbox 189 2039 1257 2137; baseline 0.002 -25"><span class='ocrx_word' id='word_1_93' title='bbox 189 2041 296 2112; x_wconf 82' lang='lat' dir='ltr'>Italiae</span> <span class='ocrx_word' id='word_1_94' title='bbox 316 2045 487 2136; x_wconf 86' lang='lat' dir='ltr'>quisquam</span> <span class='ocrx_word' id='word_1_95' title='bbox 511 2044 602 2136; x_wconf 91' lang='lat' dir='ltr'>prius</span> <span class='ocrx_word' id='word_1_96' title='bbox 622 2041 786 2137; x_wconf 82' lang='lat' dir='ltr'>adspexit,</span> <span class='ocrx_word' id='word_1_97' title='bbox 814 2067 913 2136; x_wconf 88' lang='lat' dir='ltr'>quam</span> <span class='ocrx_word' id='word_1_98' title='bbox 935 2067 954 2114; x_wconf 87' lang='lat' dir='ltr'>a</span> <span class='ocrx_word' id='word_1_99' title='bbox 975 2039 1023 2112; x_wconf 88' lang='lat' dir='ltr'>M.</span> <span class='ocrx_word' id='word_1_100' title='bbox 1047 2042 1152 2114; x_wconf 90' lang='lat' dir='ltr'>Acilio</span> <span class='ocrx_word' id='word_1_101' title='bbox 1173 2044 1257 2114; x_wconf 84' lang='lat' dir='ltr'>Gla-</span> 
     </span>
     <span class='ocr_line' id='line_1_13' title="bbox 191 2147 1256 2244; baseline 0.004 -28"><span class='ocrx_word' id='word_1_102' title='bbox 191 2149 310 2218; x_wconf 89' lang='lat' dir='ltr'>brione</span> <span class='ocrx_word' id='word_1_103' title='bbox 324 2151 484 2243; x_wconf 87' lang='lat' dir='ltr'>equestris</span> <span class='ocrx_word' id='word_1_104' title='bbox 497 2150 585 2244; x_wconf 88' lang='lat' dir='ltr'>patri</span> <span class='ocrx_word' id='word_1_105' title='bbox 605 2163 787 2244; x_wconf 80' lang='lat' dir='ltr'>poneretur</span> <span class='ocrx_word' id='word_1_106' title='bbox 804 2149 838 2216; x_wconf 94' lang='lat' dir='ltr'>in</span> <span class='ocrx_word' id='word_1_107' title='bbox 855 2147 923 2217; x_wconf 85' lang='lat' dir='ltr'>aede</span> <span class='ocrx_word' id='word_1_108' title='bbox 939 2151 1091 2218; x_wconf 88' lang='lat' dir='ltr'>Pietatis:</span> <span class='ocrx_word' id='word_1_109' title='bbox 1107 2173 1180 2220; x_wconf 85' lang='lat' dir='ltr'>eam</span> <span class='ocrx_word' id='word_1_110' title='bbox 1199 2176 1256 2220; x_wconf 88' lang='lat' dir='ltr'>au·</span> 
     </span>
    </p>
   </div>
   <div class='ocr_carea' id='block_1_7' title="bbox 165 2343 1263 4250">
    <p class='ocr_par' dir='ltr' id='par_1_7' title="bbox 165 2343 1263 4250">
     <span class='ocr_line' id='line_1_14' title="bbox 192 2343 1259 2422; baseline 0.004 -23"><span class='ocrx_word' id='word_1_111' title='bbox 192 2349 362 2400; x_wconf 66' lang='lat' dir='ltr'>translatitium</span> <span class='ocrx_word' id='word_1_112' title='bbox 386 2345 506 2414; x_wconf 82' lang='lat' dir='ltr'>edictum,</span> <span class='ocrx_word' id='word_1_113' title='bbox 520 2347 621 2419; x_wconf 89' lang='lat' dir='ltr'>qnippe</span> <span class='ocrx_word' id='word_1_114' title='bbox 644 2365 700 2399; x_wconf 90' lang='lat' dir='ltr'>non</span> <span class='ocrx_word' id='word_1_115' title='bbox 745 2347 881 2418; x_wconf 87' lang='lat' dir='ltr'>voluptate</span> <span class='ocrx_word' id='word_1_116' title='bbox 894 2343 1072 2400; x_wconf 84' lang='lat' dir='ltr'>adumbrare:</span> <span class='ocrx_word' id='word_1_117' title='bbox 1089 2345 1178 2422; x_wconf 88' lang='lat' dir='ltr'>itaque</span> <span class='ocrx_word' id='word_1_118' title='bbox 1193 2369 1259 2421; x_wconf 85' lang='lat' dir='ltr'>quos</span> 
     </span>
     <span class='ocr_line' id='line_1_15' title="bbox 191 2422 1258 2500; baseline 0.004 -20"><span class='ocrx_word' id='word_1_119' title='bbox 191 2445 291 2484; x_wconf 83' lang='lat' dir='ltr'>novum</span> <span class='ocrx_word' id='word_1_120' title='bbox 308 2467 316 2492; x_wconf 94' lang='lat'>,</span> <span class='ocrx_word' id='word_1_121' title='bbox 339 2425 385 2480; x_wconf 86' lang='lat' dir='ltr'>sed</span> <span class='ocrx_word' id='word_1_122' title='bbox 407 2422 511 2480; x_wconf 83' lang='lat' dir='ltr'>aliunde</span> <span class='ocrx_word' id='word_1_123' title='bbox 535 2425 699 2479; x_wconf 82' lang='lat' dir='ltr'>translatum.</span> <span class='ocrx_word' id='word_1_124' title='bbox 745 2437 918 2498; x_wconf 78' lang='lat' dir='ltr'>paraverant,</span> <span class='ocrx_word' id='word_1_125' title='bbox 932 2427 1029 2492; x_wconf 84' lang='lat' dir='ltr'>armis,</span> <span class='ocrx_word' id='word_1_126' title='bbox 1043 2427 1140 2500; x_wconf 89' lang='lat' dir='ltr'>quibus</span> <span class='ocrx_word' id='word_1_127' title='bbox 1156 2441 1219 2482; x_wconf 91' lang='lat' dir='ltr'>tunc</span> <span class='ocrx_word' id='word_1_128' title='bbox 1231 2443 1258 2484; x_wconf 88' lang='lat' dir='ltr'>et</span> 
     </span>
     <span class='ocr_line' id='line_1_16' title="bbox 191 2507 1257 2577; baseline 0.004 -18"><span class='ocrx_word' id='word_1_129' title='bbox 191 2510 227 2560; x_wconf 90' lang='lat' dir='ltr'>At</span> <span class='ocrx_word' id='word_1_130' title='bbox 245 2507 385 2559; x_wconf 77' lang='lat' dir='ltr'>Salmasius</span> <span class='ocrx_word' id='word_1_131' title='bbox 405 2507 463 2560; x_wconf 84' lang='lat' dir='ltr'>vult</span> <span class='ocrx_word' id='word_1_132' title='bbox 484 2508 624 2558; x_wconf 82' lang='lat' dir='ltr'>translatum</span> <span class='ocrx_word' id='word_1_133' title='bbox 646 2523 701 2559; x_wconf 86' lang='lat' dir='ltr'>esse</span> <span class='ocrx_word' id='word_1_134' title='bbox 746 2507 858 2577; x_wconf 81' lang='lat' dir='ltr'>qualiter</span> <span class='ocrx_word' id='word_1_135' title='bbox 879 2519 1019 2576; x_wconf 85' lang='lat' dir='ltr'>poterant,</span> <span class='ocrx_word' id='word_1_136' title='bbox 1043 2507 1180 2575; x_wconf 87' lang='lat' dir='ltr'>eruditos,</span> <span class='ocrx_word' id='word_1_137' title='bbox 1196 2529 1257 2563; x_wconf 84' lang='lat' dir='ltr'>mox</span> 
     </span>
     <span class='ocr_line' id='line_1_17' title="bbox 192 2580 1257 2658; baseline 0.004 -20"><span class='ocrx_word' id='word_1_138' title='bbox 192 2585 340 2639; x_wconf 87' lang='lat' dir='ltr'>machinam</span> <span class='ocrx_word' id='word_1_139' title='bbox 349 2624 357 2650; x_wconf 84' lang='lat'>,</span> <span class='ocrx_word' id='word_1_140' title='bbox 366 2603 417 2658; x_wconf 87' lang='lat' dir='ltr'>qua</span> <span class='ocrx_word' id='word_1_141' title='bbox 426 2583 465 2638; x_wconf 92' lang='lat' dir='ltr'>dii</span> <span class='ocrx_word' id='word_1_142' title='bbox 475 2585 503 2638; x_wconf 91' lang='lat' dir='ltr'>in</span> <span class='ocrx_word' id='word_1_143' title='bbox 514 2603 591 2640; x_wconf 85' lang='lat' dir='ltr'>scena</span> <span class='ocrx_word' id='word_1_144' title='bbox 600 2580 700 2656; x_wconf 91' lang='lat' dir='ltr'>aliquid</span> <span class='ocrx_word' id='word_1_145' title='bbox 746 2584 833 2639; x_wconf 87' lang='lat' dir='ltr'>edicto</span> <span class='ocrx_word' id='word_1_146' title='bbox 845 2583 889 2638; x_wconf 87' lang='lat' dir='ltr'>die</span> <span class='ocrx_word' id='word_1_147' title='bbox 902 2585 1043 2646; x_wconf 79' lang='lat' dir='ltr'>seriarum.</span> <span class='ocrx_word' id='word_1_148' title='bbox 1054 2585 1124 2658; x_wconf 90' lang='lat' dir='ltr'>apud</span> <span class='ocrx_word' id='word_1_149' title='bbox 1141 2591 1257 2642; x_wconf 86' lang='lat' dir='ltr'>tumulos</span> 
     </span>
     <span class='ocr_line' id='line_1_18' title="bbox 191 2657 1257 2738; baseline 0.003 -20"><span class='ocrx_word' id='word_1_150' title='bbox 191 2667 329 2738; x_wconf 90' lang='lat' dir='ltr'>loquuturi</span> <span class='ocrx_word' id='word_1_151' title='bbox 335 2657 596 2728; x_wconf 81' lang='lat' dir='ltr'>autacturi‚translati</span> <span class='ocrx_word' id='word_1_152' title='bbox 602 2663 702 2718; x_wconf 85' lang='lat' dir='ltr'>luerint</span> <span class='ocrx_word' id='word_1_153' title='bbox 746 2666 907 2736; x_wconf 76' lang='lat' dir='ltr'>erogabant:</span> <span class='ocrx_word' id='word_1_154' title='bbox 921 2679 1001 2738; x_wconf 87' lang='lat' dir='ltr'>atque</span> <span class='ocrx_word' id='word_1_155' title='bbox 1015 2663 1172 2738; x_wconf 77' lang='lat' dir='ltr'>gladiatores</span> <span class='ocrx_word' id='word_1_156' title='bbox 1189 2667 1227 2720; x_wconf 89' lang='lat' dir='ltr'>illi</span> <span class='ocrx_word' id='word_1_157' title='bbox 1242 2688 1257 2721; x_wconf 91' lang='lat' dir='ltr'>a</span> 
     </span>
     <span class='ocr_line' id='line_1_19' title="bbox 192 2743 1175 2816; baseline 0.002 -18"><span class='ocrx_word' id='word_1_158' title='bbox 192 2749 329 2816; x_wconf 66' lang='grc' dir='ltr'>περιακτοῖς</span> <span class='ocrx_word' id='word_1_159' title='bbox 344 2745 473 2799; x_wconf 87' lang='lat' dir='ltr'>machinis</span> <span class='ocrx_word' id='word_1_160' title='bbox 489 2745 644 2798; x_wconf 84' lang='lat' dir='ltr'>:Valerium</span> <span class='ocrx_word' id='word_1_161' title='bbox 658 2763 702 2797; x_wconf 91' lang='lat' dir='ltr'>au·</span> <span class='ocrx_word' id='word_1_162' title='bbox 746 2743 816 2798; x_wconf 85' lang='lat' dir='ltr'>busti</span> <span class='ocrx_word' id='word_1_163' title='bbox 829 2745 963 2798; x_wconf 84' lang='lat' dir='ltr'>cineribus</span> <span class='ocrx_word' id='word_1_164' title='bbox 973 2745 1091 2798; x_wconf 75' lang='lat' dir='ltr'>bustuarii</span> <span class='ocrx_word' id='word_1_165' title='bbox 1102 2743 1175 2800; x_wconf 91' lang='lat' dir='ltr'>dicti.</span> 
     </span>
     <span class='ocr_line' id='line_1_20' title="bbox 165 2823 1255 2896; baseline 0.001 -19"><span class='ocrx_word' id='word_1_166' title='bbox 165 2883 171 2892; x_wconf 32' lang='lat'>⁸</span> <span class='ocrx_word' id='word_1_167' title='bbox 193 2835 246 2877; x_wconf 92' lang='lat' dir='ltr'>tem</span> <span class='ocrx_word' id='word_1_168' title='bbox 255 2826 325 2896; x_wconf 85' lang='lat' dir='ltr'>ipsos</span> <span class='ocrx_word' id='word_1_169' title='bbox 333 2823 397 2878; x_wconf 87' lang='lat' dir='ltr'>deos</span> <span class='ocrx_word' id='word_1_170' title='bbox 406 2827 547 2876; x_wconf 80' lang='lat' dir='ltr'>trumlutum</span> <span class='ocrx_word' id='word_1_171' title='bbox 557 2823 702 2896; x_wconf 83' lang='lat' dir='ltr'>appellare,</span> <span class='ocrx_word' id='word_1_172' title='bbox 788 2843 813 2878; x_wconf 80' lang='lat' dir='ltr'>a.</span> <span class='ocrx_word' id='word_1_173' title='bbox 829 2825 1006 2877; x_wconf 71' lang='lat' dir='ltr'>-Atlsleturum</span> <span class='ocrx_word' id='word_1_174' title='bbox 1033 2825 1145 2883; x_wconf 74' lang='lat' dir='ltr'>Athletae</span> <span class='ocrx_word' id='word_1_175' title='bbox 1172 2839 1255 2892; x_wconf 87' lang='lat' dir='ltr'>suut,</span> 
     </span>
     <span class='ocr_line' id='line_1_21' title="bbox 193 2903 1255 2976; baseline 0.003 -21"><span class='ocrx_word' id='word_1_176' title='bbox 193 2904 239 2975; x_wconf 92' lang='lat' dir='ltr'>qui</span> <span class='ocrx_word' id='word_1_177' title='bbox 251 2905 279 2956; x_wconf 92' lang='lat' dir='ltr'>in</span> <span class='ocrx_word' id='word_1_178' title='bbox 289 2905 414 2958; x_wconf 83' lang='lat' dir='ltr'>translato</span> <span class='ocrx_word' id='word_1_179' title='bbox 426 2905 578 2958; x_wconf 86' lang='lat' dir='ltr'>circumacti</span> <span class='ocrx_word' id='word_1_180' title='bbox 590 2903 701 2968; x_wconf 86' lang='lat' dir='ltr'>luerint;</span> <span class='ocrx_word' id='word_1_181' title='bbox 747 2903 794 2976; x_wconf 91' lang='lat' dir='ltr'>qui</span> <span class='ocrx_word' id='word_1_182' title='bbox 806 2903 908 2955; x_wconf 86' lang='lat' dir='ltr'>lacertis</span> <span class='ocrx_word' id='word_1_183' title='bbox 921 2916 946 2956; x_wconf 84' lang='lat' dir='ltr'>et</span> <span class='ocrx_word' id='word_1_184' title='bbox 960 2904 1075 2956; x_wconf 90' lang='lat' dir='ltr'>brachiis</span> <span class='ocrx_word' id='word_1_185' title='bbox 1090 2905 1159 2956; x_wconf 90' lang='lat' dir='ltr'>inter</span> <span class='ocrx_word' id='word_1_186' title='bbox 1172 2924 1199 2958; x_wconf 89' lang='lat' dir='ltr'>se</span> <span class='ocrx_word' id='word_1_187' title='bbox 1214 2908 1255 2958; x_wconf 89' lang='lat' dir='ltr'>lu·</span> 
     </span>
     <span class='ocr_line' id='line_1_22' title="bbox 194 2978 1257 3056; baseline 0.004 -22"><span class='ocrx_word' id='word_1_188' title='bbox 194 2983 325 3056; x_wconf 81' lang='lat' dir='ltr'>velleque,</span> <span class='ocrx_word' id='word_1_189' title='bbox 339 2983 465 3037; x_wconf 87' lang='lat' dir='ltr'>Scaurum</span> <span class='ocrx_word' id='word_1_190' title='bbox 477 2981 646 3055; x_wconf 89' lang='lat' dir='ltr'>deos,quum</span> <span class='ocrx_word' id='word_1_191' title='bbox 660 3001 703 3036; x_wconf 89' lang='lat' dir='ltr'>an·</span> <span class='ocrx_word' id='word_1_192' title='bbox 747 2995 860 3035; x_wconf 87' lang='lat' dir='ltr'>ctsntur.</span> <span class='ocrx_word' id='word_1_193' title='bbox 888 2981 1007 3052; x_wconf 79' lang='lat' dir='ltr'>Contigit</span> <span class='ocrx_word' id='word_1_194' title='bbox 1022 2983 1074 3034; x_wconf 90' lang='lat' dir='ltr'>hoc</span> <span class='ocrx_word' id='word_1_195' title='bbox 1086 2985 1117 3036; x_wconf 88' lang='lat' dir='ltr'>A.</span> <span class='ocrx_word' id='word_1_196' title='bbox 1132 2978 1167 3036; x_wconf 86' lang='lat' dir='ltr'>U.</span> <span class='ocrx_word' id='word_1_197' title='bbox 1184 2987 1257 3054; x_wconf 68' lang='lat'>489,</span> 
     </span>
     <span class='ocr_line' id='line_1_23' title="bbox 193 3055 1103 3135; baseline -0.001 -19"><span class='ocrx_word' id='word_1_198' title='bbox 193 3077 235 3116; x_wconf 88' lang='lat' dir='ltr'>tea</span> <span class='ocrx_word' id='word_1_199' title='bbox 254 3065 372 3135; x_wconf 88' lang='lat' dir='ltr'>puniceis</span> <span class='ocrx_word' id='word_1_200' title='bbox 391 3063 488 3117; x_wconf 88' lang='lat' dir='ltr'>tunicis</span> <span class='ocrx_word' id='word_1_201' title='bbox 511 3059 703 3126; x_wconf 89' lang='lat' dir='ltr'>induerentur,</span> <span class='ocrx_word' id='word_1_202' title='bbox 748 3075 773 3115; x_wconf 91' lang='lat' dir='ltr'>et</span> <span class='ocrx_word' id='word_1_203' title='bbox 791 3062 857 3130; x_wconf 79' lang='lat'><strong>695.</strong></span> <span class='ocrx_word' id='word_1_204' title='bbox 871 3055 943 3113; x_wconf 82' lang='lat' dir='ltr'>Vide</span> <span class='ocrx_word' id='word_1_205' title='bbox 956 3058 1013 3114; x_wconf 79' lang='lat' dir='ltr'>Ltv.</span> <span class='ocrx_word' id='word_1_206' title='bbox 1026 3059 1103 3115; x_wconf 83' lang='lat' dir='ltr'><strong>XVI.</strong></span> 
     </span>
     <span class='ocr_line' id='line_1_24' title="bbox 194 3137 1257 3215; baseline 0.003 -21"><span class='ocrx_word' id='word_1_207' title='bbox 194 3143 323 3214; x_wconf 87' lang='lat' dir='ltr'>exquisito</span> <span class='ocrx_word' id='word_1_208' title='bbox 333 3161 427 3215; x_wconf 82' lang='lat' dir='ltr'>genere</span> <span class='ocrx_word' id='word_1_209' title='bbox 439 3143 551 3197; x_wconf 80' lang='lat' dir='ltr'>vestium</span> <span class='ocrx_word' id='word_1_210' title='bbox 560 3143 588 3195; x_wconf 92' lang='lat' dir='ltr'>in</span> <span class='ocrx_word' id='word_1_211' title='bbox 599 3153 704 3196; x_wconf 67' lang='lat' dir='ltr'>metuant</span> <span class='ocrx_word' id='word_1_212' title='bbox 790 3141 815 3194; x_wconf 83' lang='lat'>3.</span> <span class='ocrx_word' id='word_1_213' title='bbox 827 3137 938 3194; x_wconf 82' lang='lat' dir='ltr'>Statuam</span> <span class='ocrx_word' id='word_1_214' title='bbox 953 3153 1072 3195; x_wconf 83' lang='lat' dir='ltr'>auratam.</span> <span class='ocrx_word' id='word_1_215' title='bbox 1083 3141 1199 3196; x_wconf 83' lang='lat' dir='ltr'>Tantum</span> <span class='ocrx_word' id='word_1_216' title='bbox 1211 3144 1257 3196; x_wconf 85' lang='lat' dir='ltr'>ab·</span> 
     </span>
     <span class='ocr_line' id='line_1_25' title="bbox 196 3219 1258 3294; baseline 0.002 -21"><span class='ocrx_word' id='word_1_217' title='bbox 196 3219 336 3275; x_wconf 80' lang='lat' dir='ltr'>induxisse.</span> <span class='ocrx_word' id='word_1_218' title='bbox 352 3223 505 3294; x_wconf 82' lang='lat' dir='ltr'>Rutgersius</span> <span class='ocrx_word' id='word_1_219' title='bbox 524 3222 639 3294; x_wconf 87' lang='lat' dir='ltr'>denique</span> <span class='ocrx_word' id='word_1_220' title='bbox 654 3239 704 3293; x_wconf 87' lang='lat' dir='ltr'>pro</span> <span class='ocrx_word' id='word_1_221' title='bbox 748 3234 804 3284; x_wconf 88' lang='lat' dir='ltr'>est,</span> <span class='ocrx_word' id='word_1_222' title='bbox 820 3233 849 3274; x_wconf 92' lang='lat' dir='ltr'>ut</span> <span class='ocrx_word' id='word_1_223' title='bbox 865 3221 954 3272; x_wconf 81' lang='lat' dir='ltr'>solidas</span> <span class='ocrx_word' id='word_1_224' title='bbox 972 3241 1002 3272; x_wconf 81' lang='lat' dir='ltr'>es·</span> <span class='ocrx_word' id='word_1_225' title='bbox 1017 3241 1077 3273; x_wconf 76' lang='lat' dir='ltr'>utero</span> <span class='ocrx_word' id='word_1_226' title='bbox 1092 3233 1184 3274; x_wconf 86' lang='lat' dir='ltr'>statuas</span> <span class='ocrx_word' id='word_1_227' title='bbox 1197 3237 1258 3276; x_wconf 89' lang='lat' dir='ltr'>ante</span> 
     </span>
     <span class='ocr_line' id='line_1_26' title="bbox 197 3298 1258 3368; baseline 0.003 -16"><span class='ocrx_word' id='word_1_228' title='bbox 197 3301 574 3368; x_wconf 88' lang='lat' dir='ltr'>translatum,Var.Lect.V1,</span> <span class='ocrx_word' id='word_1_229' title='bbox 587 3301 633 3364; x_wconf 80' lang='lat'>13,</span> <span class='ocrx_word' id='word_1_230' title='bbox 646 3299 704 3354; x_wconf 83' lang='lat' dir='ltr'>vult</span> <span class='ocrx_word' id='word_1_231' title='bbox 748 3299 920 3354; x_wconf 85' lang='lat' dir='ltr'>Glabrionem</span> <span class='ocrx_word' id='word_1_232' title='bbox 934 3298 1092 3365; x_wconf 85' lang='lat' dir='ltr'>habuerint,</span> <span class='ocrx_word' id='word_1_233' title='bbox 1111 3314 1140 3353; x_wconf 90' lang='lat' dir='ltr'>ut</span> <span class='ocrx_word' id='word_1_234' title='bbox 1152 3321 1186 3354; x_wconf 90' lang='lat' dir='ltr'>ne</span> <span class='ocrx_word' id='word_1_235' title='bbox 1199 3323 1258 3355; x_wconf 81' lang='lat' dir='ltr'>aum</span> 
     </span>
     <span class='ocr_line' id='line_1_27' title="bbox 198 3377 1257 3454; baseline 0.007 -26"><span class='ocrx_word' id='word_1_236' title='bbox 198 3377 322 3432; x_wconf 77' lang='lat' dir='ltr'>theatrum.</span> <span class='ocrx_word' id='word_1_237' title='bbox 330 3380 387 3434; x_wconf 83' lang='lat' dir='ltr'>Hoc</span> <span class='ocrx_word' id='word_1_238' title='bbox 394 3381 465 3434; x_wconf 87' lang='lat' dir='ltr'>enim</span> <span class='ocrx_word' id='word_1_239' title='bbox 476 3395 536 3434; x_wconf 85' lang='lat' dir='ltr'>ante</span> <span class='ocrx_word' id='word_1_240' title='bbox 543 3379 633 3434; x_wconf 85' lang='lat' dir='ltr'>Scauri</span> <span class='ocrx_word' id='word_1_241' title='bbox 642 3394 703 3433; x_wconf 84' lang='lat' dir='ltr'>aeta·</span> <span class='ocrx_word' id='word_1_242' title='bbox 748 3379 856 3452; x_wconf 88' lang='lat' dir='ltr'>quidem</span> <span class='ocrx_word' id='word_1_243' title='bbox 875 3379 983 3432; x_wconf 75' lang='lat' dir='ltr'>obductae</span> <span class='ocrx_word' id='word_1_244' title='bbox 1004 3379 1195 3435; x_wconf 79' lang='lat' dir='ltr'>invenirentur.</span> <span class='ocrx_word' id='word_1_245' title='bbox 1212 3383 1257 3454; x_wconf 89' lang='lat' dir='ltr'>Ip-</span> 
     </span>
     <span class='ocr_line' id='line_1_28' title="bbox 168 3459 1258 3533; baseline 0.005 -23"><span class='ocrx_word' id='word_1_246' title='bbox 168 3525 172 3530; x_wconf 32' lang='lat'>·</span> <span class='ocrx_word' id='word_1_247' title='bbox 197 3471 251 3510; x_wconf 87' lang='lat' dir='ltr'>tem</span> <span class='ocrx_word' id='word_1_248' title='bbox 276 3459 341 3512; x_wconf 85' lang='lat' dir='ltr'>velia</span> <span class='ocrx_word' id='word_1_249' title='bbox 361 3461 501 3532; x_wconf 85' lang='lat' dir='ltr'>purpureis</span> <span class='ocrx_word' id='word_1_250' title='bbox 524 3461 705 3514; x_wconf 87' lang='lat' dir='ltr'>inumbratum</span> <span class='ocrx_word' id='word_1_251' title='bbox 748 3479 803 3514; x_wconf 85' lang='lat' dir='ltr'>sam</span> <span class='ocrx_word' id='word_1_252' title='bbox 818 3459 1030 3532; x_wconf 83' lang='lat' dir='ltr'>quoque,quam</span> <span class='ocrx_word' id='word_1_253' title='bbox 1046 3459 1156 3513; x_wconf 82' lang='lat' dir='ltr'>Glabrio</span> <span class='ocrx_word' id='word_1_254' title='bbox 1170 3463 1258 3533; x_wconf 89' lang='lat' dir='ltr'>posuit</span> 
     </span>
     <span class='ocr_line' id='line_1_29' title="bbox 196 3531 1258 3606; baseline 0.001 -14"><span class='ocrx_word' id='word_1_255' title='bbox 196 3539 289 3602; x_wconf 85' lang='lat' dir='ltr'>fuisse;</span> <span class='ocrx_word' id='word_1_256' title='bbox 301 3537 427 3592; x_wconf 84' lang='lat' dir='ltr'>Scaurum</span> <span class='ocrx_word' id='word_1_257' title='bbox 440 3549 527 3593; x_wconf 82' lang='lat' dir='ltr'>autem</span> <span class='ocrx_word' id='word_1_258' title='bbox 541 3540 568 3592; x_wconf 88' lang='lat' dir='ltr'>in</span> <span class='ocrx_word' id='word_1_259' title='bbox 581 3535 705 3593; x_wconf 77' lang='lat' dir='ltr'>udilitate</span> <span class='ocrx_word' id='word_1_260' title='bbox 749 3553 875 3604; x_wconf 88' lang='lat' dir='ltr'>statuam,</span> <span class='ocrx_word' id='word_1_261' title='bbox 888 3539 993 3604; x_wconf 77' lang='lat' dir='ltr'>Livius,</span> <span class='ocrx_word' id='word_1_262' title='bbox 1007 3531 1072 3604; x_wconf 84' lang='lat' dir='ltr'>XL,</span> <span class='ocrx_word' id='word_1_263' title='bbox 1086 3545 1120 3603; x_wconf 71' lang='grc'>34</span> <span class='ocrx_word' id='word_1_264' title='bbox 1131 3580 1138 3606; x_wconf 91' lang='grc'><strong><em>,</em></strong></span> <span class='ocrx_word' id='word_1_265' title='bbox 1148 3555 1258 3593; x_wconf 86' lang='lat' dir='ltr'>auratum</span> 
     </span>
     <span class='ocr_line' id='line_1_30' title="bbox 196 3617 1258 3690; baseline 0.003 -19"><span class='ocrx_word' id='word_1_266' title='bbox 196 3637 243 3671; x_wconf 91' lang='lat' dir='ltr'>sua</span> <span class='ocrx_word' id='word_1_267' title='bbox 255 3629 328 3671; x_wconf 87' lang='lat' dir='ltr'>veste</span> <span class='ocrx_word' id='word_1_268' title='bbox 336 3617 438 3672; x_wconf 89' lang='lat' dir='ltr'>attalica</span> <span class='ocrx_word' id='word_1_269' title='bbox 450 3621 606 3690; x_wconf 68' lang='lat' dir='ltr'>praetexisse.</span> <span class='ocrx_word' id='word_1_270' title='bbox 748 3633 833 3673; x_wconf 78' lang='lat' dir='ltr'>vocat.</span> <span class='ocrx_word' id='word_1_271' title='bbox 854 3620 1008 3672; x_wconf 86' lang='lat' dir='ltr'>Ammianus</span> <span class='ocrx_word' id='word_1_272' title='bbox 1028 3617 1197 3674; x_wconf 87' lang='lat' dir='ltr'>Marcellinus</span> <span class='ocrx_word' id='word_1_273' title='bbox 1219 3635 1258 3674; x_wconf 87' lang='lat' dir='ltr'>te·</span> 
     </span>
     <span class='ocr_line' id='line_1_31' title="bbox 239 3695 1257 3772; baseline 0.004 -22"><span class='ocrx_word' id='word_1_274' title='bbox 239 3715 262 3751; x_wconf 90' lang='lat' dir='ltr'>t.</span> <span class='ocrx_word' id='word_1_275' title='bbox 274 3697 453 3752; x_wconf 78' lang='lat' dir='ltr'>Gladiatorium</span> <span class='ocrx_word' id='word_1_276' title='bbox 462 3717 552 3752; x_wconf 74' lang='lat' dir='ltr'>mrum.</span> <span class='ocrx_word' id='word_1_277' title='bbox 564 3699 646 3772; x_wconf 78' lang='lat' dir='ltr'>Origo</span> <span class='ocrx_word' id='word_1_278' title='bbox 653 3699 706 3772; x_wconf 78' lang='lat' dir='ltr'>gls-</span> <span class='ocrx_word' id='word_1_279' title='bbox 749 3701 847 3752; x_wconf 89' lang='lat' dir='ltr'>nuibns</span> <span class='ocrx_word' id='word_1_280' title='bbox 860 3697 917 3750; x_wconf 89' lang='lat' dir='ltr'>auri</span> <span class='ocrx_word' id='word_1_281' title='bbox 929 3697 1040 3750; x_wconf 85' lang='lat' dir='ltr'>bracteis</span> <span class='ocrx_word' id='word_1_282' title='bbox 1053 3695 1145 3752; x_wconf 89' lang='lat' dir='ltr'>induci</span> <span class='ocrx_word' id='word_1_283' title='bbox 1160 3713 1257 3754; x_wconf 83' lang='lat' dir='ltr'>statuas</span> 
     </span>
     <span class='ocr_line' id='line_1_32' title="bbox 196 3775 1258 3850; baseline 0.005 -21"><span class='ocrx_word' id='word_1_284' title='bbox 196 3775 359 3830; x_wconf 83' lang='lat' dir='ltr'>dictoruma</span> <span class='ocrx_word' id='word_1_285' title='bbox 376 3796 406 3830; x_wconf 88' lang='lat' dir='ltr'>re</span> <span class='ocrx_word' id='word_1_286' title='bbox 425 3777 539 3832; x_wconf 80' lang='lat' dir='ltr'>funebri.</span> <span class='ocrx_word' id='word_1_287' title='bbox 558 3779 625 3832; x_wconf 83' lang='lat' dir='ltr'>Nam</span> <span class='ocrx_word' id='word_1_288' title='bbox 639 3797 705 3850; x_wconf 90' lang='lat' dir='ltr'>quo·</span> <span class='ocrx_word' id='word_1_289' title='bbox 750 3778 795 3832; x_wconf 91' lang='lat' dir='ltr'>ait.</span> <span class='ocrx_word' id='word_1_290' title='bbox 824 3781 866 3830; x_wconf 85' lang='lat' dir='ltr'>An</span> <span class='ocrx_word' id='word_1_291' title='bbox 891 3789 951 3830; x_wconf 85' lang='lat' dir='ltr'>ante</span> <span class='ocrx_word' id='word_1_292' title='bbox 975 3780 1146 3850; x_wconf 87' lang='lat' dir='ltr'>imperatores</span> <span class='ocrx_word' id='word_1_293' title='bbox 1167 3777 1258 3834; x_wconf 77' lang='lat' dir='ltr'>solida</span> 
     </span>
     <span class='ocr_line' id='line_1_33' title="bbox 196 3853 1257 3928; baseline 0.004 -19"><span class='ocrx_word' id='word_1_294' title='bbox 196 3857 267 3910; x_wconf 89' lang='lat' dir='ltr'>niam</span> <span class='ocrx_word' id='word_1_295' title='bbox 277 3857 341 3910; x_wconf 93' lang='lat' dir='ltr'>olim</span> <span class='ocrx_word' id='word_1_296' title='bbox 354 3857 453 3910; x_wconf 86' lang='lat' dir='ltr'>animas</span> <span class='ocrx_word' id='word_1_297' title='bbox 462 3854 647 3911; x_wconf 76' lang='lat' dir='ltr'>defunctorum</span> <span class='ocrx_word' id='word_1_298' title='bbox 657 3853 706 3910; x_wconf 85' lang='lat' dir='ltr'>hd·</span> <span class='ocrx_word' id='word_1_299' title='bbox 750 3859 824 3911; x_wconf 71' lang='lat' dir='ltr'>lacta</span> <span class='ocrx_word' id='word_1_300' title='bbox 840 3857 908 3926; x_wconf 87' lang='lat' dir='ltr'>sint,</span> <span class='ocrx_word' id='word_1_301' title='bbox 922 3873 977 3909; x_wconf 89' lang='lat' dir='ltr'>non</span> <span class='ocrx_word' id='word_1_302' title='bbox 999 3853 1088 3928; x_wconf 86' lang='lat' dir='ltr'>liquet.</span> <span class='ocrx_word' id='word_1_303' title='bbox 1105 3859 1257 3913; x_wconf 89' lang='lat' dir='ltr'>Domitiano</span> 
     </span>
     <span class='ocr_line' id='line_1_34' title="bbox 196 3933 1259 4010; baseline 0.003 -21"><span class='ocrx_word' id='word_1_304' title='bbox 196 3953 276 3990; x_wconf 81' lang='lat' dir='ltr'>tatano</span> <span class='ocrx_word' id='word_1_305' title='bbox 287 3937 414 4008; x_wconf 78' lang='lat' dir='ltr'>sanguiue</span> <span class='ocrx_word' id='word_1_306' title='bbox 425 3938 565 4010; x_wconf 86' lang='lat' dir='ltr'>propitiari</span> <span class='ocrx_word' id='word_1_307' title='bbox 576 3935 706 3990; x_wconf 81' lang='lat' dir='ltr'>creditum</span> <span class='ocrx_word' id='word_1_308' title='bbox 750 3949 838 3990; x_wconf 85' lang='lat' dir='ltr'>autem</span> <span class='ocrx_word' id='word_1_309' title='bbox 860 3949 887 3989; x_wconf 90' lang='lat' dir='ltr'>et</span> <span class='ocrx_word' id='word_1_310' title='bbox 906 3933 963 3989; x_wconf 88' lang='lat' dir='ltr'>aliis</span> <span class='ocrx_word' id='word_1_311' title='bbox 983 3953 1014 3990; x_wconf 77' lang='lat' dir='ltr'>et</span> <span class='ocrx_word' id='word_1_312' title='bbox 1030 3955 1094 3990; x_wconf 85' lang='lat' dir='ltr'>auro</span> <span class='ocrx_word' id='word_1_313' title='bbox 1110 3935 1194 3992; x_wconf 87' lang='lat' dir='ltr'>solido</span> <span class='ocrx_word' id='word_1_314' title='bbox 1209 3953 1259 3992; x_wconf 83' lang='lat' dir='ltr'>sta·</span> 
     </span>
     <span class='ocr_line' id='line_1_35' title="bbox 195 4015 1259 4090; baseline 0.003 -22"><span class='ocrx_word' id='word_1_315' title='bbox 195 4028 265 4084; x_wconf 89' lang='lat' dir='ltr'>erat,</span> <span class='ocrx_word' id='word_1_316' title='bbox 279 4018 397 4089; x_wconf 88' lang='lat' dir='ltr'>captivos</span> <span class='ocrx_word' id='word_1_317' title='bbox 409 4019 451 4070; x_wconf 77' lang='lat' dir='ltr'>vel</span> <span class='ocrx_word' id='word_1_318' title='bbox 465 4015 499 4070; x_wconf 92' lang='lat' dir='ltr'>ad</span> <span class='ocrx_word' id='word_1_319' title='bbox 512 4015 539 4070; x_wconf 89' lang='lat' dir='ltr'>id</span> <span class='ocrx_word' id='word_1_320' title='bbox 554 4017 640 4090; x_wconf 87' lang='lat' dir='ltr'>ipsum</span> <span class='ocrx_word' id='word_1_321' title='bbox 653 4034 706 4071; x_wconf 88' lang='lat' dir='ltr'>em·</span> <span class='ocrx_word' id='word_1_322' title='bbox 751 4029 807 4070; x_wconf 83' lang='lat' dir='ltr'>tuas</span> <span class='ocrx_word' id='word_1_323' title='bbox 820 4016 900 4070; x_wconf 87' lang='lat' dir='ltr'>luisse</span> <span class='ocrx_word' id='word_1_324' title='bbox 919 4016 1032 4089; x_wconf 87' lang='lat' dir='ltr'>positas,</span> <span class='ocrx_word' id='word_1_325' title='bbox 1048 4015 1119 4071; x_wconf 87' lang='lat' dir='ltr'>testis</span> <span class='ocrx_word' id='word_1_326' title='bbox 1138 4032 1176 4071; x_wconf 85' lang='lat' dir='ltr'>est</span> <span class='ocrx_word' id='word_1_327' title='bbox 1196 4017 1259 4071; x_wconf 85' lang='lat' dir='ltr'>Sue·</span> 
     </span>
     <span class='ocr_line' id='line_1_36' title="bbox 194 4093 1258 4170; baseline 0.003 -23"><span class='ocrx_word' id='word_1_328' title='bbox 194 4108 256 4166; x_wconf 90' lang='lat' dir='ltr'>ptos</span> <span class='ocrx_word' id='word_1_329' title='bbox 277 4115 365 4150; x_wconf 76' lang='lat' dir='ltr'>servos</span> <span class='ocrx_word' id='word_1_330' title='bbox 385 4097 413 4150; x_wconf 90' lang='lat' dir='ltr'>in</span> <span class='ocrx_word' id='word_1_331' title='bbox 436 4093 565 4170; x_wconf 78' lang='lat' dir='ltr'>exsequiis</span> <span class='ocrx_word' id='word_1_332' title='bbox 585 4097 705 4151; x_wconf 86' lang='lat' dir='ltr'>immola·</span> <span class='ocrx_word' id='word_1_333' title='bbox 750 4109 805 4150; x_wconf 89' lang='lat' dir='ltr'>ton.</span> <span class='ocrx_word' id='word_1_334' title='bbox 831 4093 941 4150; x_wconf 86' lang='lat' dir='ltr'>Glabrio</span> <span class='ocrx_word' id='word_1_335' title='bbox 964 4099 1055 4152; x_wconf 81' lang='lat' dir='ltr'>contra</span> <span class='ocrx_word' id='word_1_336' title='bbox 1077 4097 1105 4149; x_wconf 88' lang='lat' dir='ltr'>in</span> <span class='ocrx_word' id='word_1_337' title='bbox 1129 4097 1258 4151; x_wconf 87' lang='lat' dir='ltr'>honorem</span> 
     </span>
     <span class='ocr_line' id='line_1_37' title="bbox 195 4175 1263 4250; baseline 0.006 -24"><span class='ocrx_word' id='word_1_338' title='bbox 195 4175 268 4228; x_wconf 85' lang='lat' dir='ltr'>bant.</span> <span class='ocrx_word' id='word_1_339' title='bbox 291 4177 387 4232; x_wconf 85' lang='lat' dir='ltr'>Postea</span> <span class='ocrx_word' id='word_1_340' title='bbox 406 4177 521 4250; x_wconf 82' lang='lat' dir='ltr'>placuit,</span> <span class='ocrx_word' id='word_1_341' title='bbox 544 4180 705 4250; x_wconf 88' lang='lat' dir='ltr'>impietatem</span> <span class='ocrx_word' id='word_1_342' title='bbox 749 4177 832 4247; x_wconf 84' lang='lat' dir='ltr'>patris</span> <span class='ocrx_word' id='word_1_343' title='bbox 846 4177 886 4231; x_wconf 89' lang='lat' dir='ltr'>sui</span> <span class='ocrx_word' id='word_1_344' title='bbox 898 4179 1007 4249; x_wconf 83' lang='lat' dir='ltr'>ejusque</span> <span class='ocrx_word' id='word_1_345' title='bbox 1021 4177 1263 4248; x_wconf 78' lang='lat' dir='ltr'>victoriarum,qui</span> 
     </span>
    </p>
   </div>
   <div class='ocr_carea' id='block_1_8' title="bbox 0 0 1604 5132">
    <p class='ocr_par' dir='ltr' id='par_1_8' title="bbox 0 0 1604 5132">
     <span class='ocr_line' id='line_1_38' title="bbox 0 0 1604 5132; baseline 0 0"><span class='ocrx_word' id='word_1_346' title='bbox 0 0 1604 5132; x_wconf 95' lang='lat' dir='ltr'> </span> 
     </span>
    </p>
   </div>
  </div>
 </body>
</html>
