3190 5122
181 575 184 582 Ι
273 485 375 554 cna.
401 483 468 568 lv,
494 481 561 549 ua
587 481 710 549 mur.
738 481 793 550 us
819 481 1022 551 onasus.
1105 481 1180 580 379

160 704 212 756 DE
235 700 423 755 PIETATE
448 698 494 751 IN
518 696 759 762 PARENTES,
784 696 921 750 CUJUS
943 697 1148 752 Examen

418 795 728 848 EXTERNORUM
754 793 880 848 SUNT.

183 983 211 1028 1.
236 958 330 1027 Idem
358 953 591 1051 praedicatum¹
623 952 665 1022 de
687 953 807 1046 pietate
835 955 936 1050 Perus
961 955 1184 1044 existimetur,

52 1143 55 1150 ,
127 1087 197 1158 qua
225 1079 351 1159 patrem
379 1087 474 1131 suum
502 1063 641 1130 Cimona
667 1057 826 1129 consimili
851 1057 982 1128 fortuna
1008 1059 1184 1150 affectum,

126 1173 261 1264 parique
289 1169 442 1238 custodiae
464 1166 635 1253 traditum,
649 1165 717 1258 jam
737 1163 860 1234 ultimae
881 1167 1073 1252 senectutis,
1093 1165 1185 1236 velut

127 1276 284 1345 infantem
308 1277 433 1370 pectori
454 1297 513 1342 suo
538 1272 707 1341 admotum
726 1269 813 1338 aluit.
836 1273 970 1339 Haerent
990 1294 1029 1340 ac
1054 1286 1186 1366 stupent

126 1381 297 1451 hominum
321 1380 425 1467 oculi,
447 1403 549 1474 quum
570 1379 667 1471 hujus
692 1375 769 1444 facti
793 1377 914 1470 pictam
936 1377 1110 1471 imaginem
1131 1378 1185 1446 vi-

127 1486 222 1574 dent,
239 1511 396 1581 casusque
418 1486 542 1577 antiqui
561 1479 803 1552 conditionem²
821 1483 987 1576 praesentis
1010 1481 1186 1576 spectaculi
1214 1561 1216 1566 ¹
1244 1491 1246 1501 '

126 1592 345 1662 admiratione
370 1605 547 1676 renovant,
571 1591 604 1657 in
632 1585 693 1656 illis
716 1589 815 1656 mutis
836 1588 1064 1662 membrorum
1083 1587 1187 1658 linea-

126 1701 246 1767 mentis
267 1699 343 1765 viva
364 1721 403 1765 ac
422 1697 576 1787 spirantia
595 1717 734 1788 corpora
751 1695 870 1762 intueri
888 1693 1081 1763 credentes:
1099 1692 1188 1788 quod

126 1827 262 1872 necesse
283 1817 332 1871 est
355 1803 464 1870 animo
484 1825 614 1895 quoque
635 1801 782 1885 monite,
810 1799 977 1894 aliquanto
1003 1799 1187 1868 efficaciore
1289 1803 1292 1808 ’

126 1909 260 2004 pictura
280 1906 463 1994 literarum,
482 1923 593 1976 vetera
612 1933 673 2002 pro
687 1906 872 1974 recentibus
887 1905 1055 1974 admonito
1077 1930 1186 1974 recor-

125 1998 230 2080 dari³.

186 2143 220 2186 α.
239 2119 272 2186 N
273 2143 291 2186 e
309 2132 341 2186 te
359 2117 509 2212 quidem,
528 2104 676 2203 Cimon⁴‚
696 2115 825 2186 silentio
838 2115 1021 2203 involvam,
1035 2116 1091 2210 qui
1104 2116 1189 2216 patri

125 2238 188 2292 tuo
211 2222 413 2318 sepulturam
435 2223 625 2293 voluntariis
643 2223 781 2292 vinculis
803 2247 911 2292 emere
931 2245 999 2291 non
1020 2222 1190 2309 dubitasti;

126 2353 207 2396 nam
224 2331 285 2397 etsi
309 2332 453 2399 maximo
469 2329 526 2398 tibi
545 2343 658 2424 postea
673 2343 706 2398 et
725 2331 788 2398 civi
802 2344 835 2397 et
853 2327 929 2398 duci
950 2329 1088 2397 evadere
1106 2353 1189 2397 con-

127 2435 219 2528 tigit,
249 2432 323 2528 plus
345 2449 454 2506 tamen
481 2435 647 2530 aliquanto
673 2434 776 2503 laudis
798 2436 832 2503 in
857 2457 1003 2522 carcere,
1031 2457 1129 2528 quam
1151 2435 1190 2528 'in

126 2541 245 2626 curia,
266 2555 459 2634 assequutus
480 2566 524 2611 es.
548 2544 682 2611 Caeterae
704 2542 791 2608 'enim
813 2542 949 2610 virtutes
968 2540 1190 2609 admirationis

126 2645 361 2716 tantummodo
377 2647 535 2736 multum,
551 2649 653 2742 pietas
667 2671 746 2716 vero
762 2647 860 2716 etiam
873 2647 994 2716 amoris
1011 2645 1189 2741 plurimum

125 2765 287 2820 meretur.

185 2855 221 2927 3.
237 2859 308 2926 Vos
325 2883 470 2954 quoque,
486 2857 620 2945 fratres,
636 2859 794 2926 memoria
814 2855 1030 2948 complectar,
1051 2879 1192 2948 quorum

127 2963 263 3030 animus
281 2965 407 3058 origine
428 2965 490 3032 tuit
505 2965 661 3050 nobilior;
682 2962 840 3056 siquidem
856 2959 1034 3029 admodum
1053 2957 1192 3028 humiles

176 3180 203 3214 r.
221 3160 390 3216 Proedicatur.
407 3163 514 3233 Pighius
528 3162 642 3231 delevit,
685 3163 747 3216 teris
763 3161 842 3232 ipsis,
855 3159 1027 3227 admonetur,
1041 3173 1129 3215 vetera
1141 3180 1191 3233 pro

129 3239 181 3296 sed
204 3252 288 3292 exstat
311 3240 339 3291 in
355 3240 430 3294 MSS.
446 3243 585 3313 plerisque.
603 3273 643 3285 -
685 3242 834 3296 recmtibus
852 3239 1002 3307 reeordari3
1022 3239 1193 3314 quemadmo·

128 3324 223 3375 Perus.
240 3317 355 3384 Quidam
371 3318 450 3372 codd.
465 3321 547 3383 Pero,·
561 3323 644 3392 plari·
686 3320 891 3375 dumhnrcntac
901 3313 1192 3393 'stupentocnthquun

129 3419 187 3472 que
197 3401 249 3466 ejus
257 3411 284 3450 et
289 3403 365 3468 prius.
374 3431 414 3441 -
425 3398 533 3452 Cimona.
548 3401 644 3454 Cimon
686 3401 825 3472 imaginem
837 3402 934 3473 pictam
949 3399 1050 3455 vident.
1065 3399 1134 3452 Pro:
1146 3417 1192 3470 pra

128 3481 180 3531 ille
204 3496 258 3528 uon
279 3478 330 3530 luit
349 3475 477 3532 Miltiadis
495 3479 581 3543 lilius,
598 3477 645 3532 aed
673 3477 1193 3552 *teuatibunquidamcaddhabentpm

129 3559 205 3612 aliua
223 3555 331 3626 qnidam
345 3557 461 3610 Gracua,
476 3559 528 3611 alti
545 3558 644 3612 &nona
687 3559 803 3614 deatibau.
828 3558 907 3612 Unde
928 3556 1033 3630 Lipsius
1052 3558 1192 3630 legendum

129 3639 225 3708 legere
238 3637 347 3688 malunt.
365 3636 468 3690 Nomen
484 3651 510 3690 et
522 3638 603 3710 patria
618 3650 645 3690 ct
688 3640 796 3710 suspicit
805 3657 812 3692 ε
821 3652 904 3691 mrem
917 3659 933 3689 a
939 3639 1094 3709 prudentibus
1109 3639 1192 3691 adua

129 3718 198 3770 filisa
211 3716 342 3768 incertum
355 3727 403 3768 est.
688 3721 738 3769 nito
753 3711 875 3770 recordari
878 3737 954 3790 ,quar
962 3717 1077 3790 suspicio
1085 3730 1113 3771 et
1122 3719 1193 3771 Gre-
1217 3757 1220 3764 .

177 3815 205 3850 a.
230 3794 568 3850 &aaronemPen'wnius
581 3815 645 3850 con·
687 3797 769 3850 novio
778 3797 926 3852 Observatt.
935 3799 986 3862 IV,
1000 3799 1193 3870 19,probatur.

129 3875 193 3946 jicit
207 3878 374 3944 coguitionem.
530 3867 538 3886 ⁹
689 3875 797 3946 Pighius
809 3875 883 3930 dedit
895 3877 1027 3930 admonitos
1037 3875 1124 3948 ¹,quud
1136 3895 1195 3928 om·

178 3955 207 4008 3.
231 3955 306 4024 Quod
315 3993 391 4008 ......
404 3955 533 4007 recordari.
550 3953 646 4008 Animo
690 3973 736 4008 nes
751 3955 805 4008 fere
817 3955 893 4008 MSS.
909 3968 1020 4010 servant.

132 4032 210 4085 idem
223 4033 408 4105 evenit,quod
418 4035 579 4105 oculislpse
593 4033 648 4086 ani·
731 4040 757 4098 4.
781 4033 875 4088 Cimon.
897 4035 948 4089 ute
966 4035 1037 4088 lilius
1059 4034 1195 4090 Miltiadis.

134 4131 198 4166 mus
210 4113 312 4182 pictura
325 4114 486 4186 litterarum,
503 4111 595 4181 idest,
606 4114 647 4168 lit·
691 4111 755 4168 Vid.
770 4131 861 4186 supra,
877 4117 913 4181 V,
928 4115 962 4182 ³,
977 4128 1028 4172 ext.
1046 4115 1071 4168 3.
