3190 5122
389 528 464 601 358
602 523 827 594 VALERII
854 523 1058 590 MAXIMI
1087 523 1184 590 ΗΒ.
1212 523 1253 590 V.

387 661 554 755 linquens,
579 657 612 726 in
640 653 761 726 lectulo
791 653 977 740 laberetur,
1003 655 1051 722 M.
1080 651 1271 742 Manilium,
1294 655 1351 748 qui
1376 681 1457 751 pro-

387 764 528 840 consule
553 764 699 834 Africam
727 761 915 846 obtinebat,
940 759 1042 830 literis
1065 760 1268 848 obsecravit,
1294 775 1332 829 ut
1358 762 1398 829 ad
1424 789 1460 834 se

388 875 576 968 Scipionem
587 869 816 952 AEnrilianum‚
833 867 894 938 sub
911 893 950 937 eo
967 883 1048 937 tunc
1064 867 1277 956 militantem,
1297 871 1456 940 mitteret:

388 981 567 1052 feliciorem
595 993 735 1047 mortem
764 1001 856 1046 suam
880 976 1023 1044 futuram
1049 991 1154 1061 ratus,
1176 976 1201 1044 si
1225 976 1258 1042 in
1283 975 1459 1070 complexu

388 1089 512 1158 dextra
524 1087 595 1180 ejus
608 1109 799 1179 supremum
813 1085 962 1179 spiritum
977 1107 1015 1152 ac
1029 1082 1183 1150 mandata
1199 1085 1371 1177 posuisset.
1385 1083 1459 1172 llle,

388 1195 567 1265 adventurn
585 1193 748 1286 Scipionis
763 1191 837 1260 fatis
850 1193 916 1259 suis
932 1189 1236 1285 procurrentibus,
1256 1190 1326 1259 lucc
1342 1192 1460 1278 uxori,

387 1299 562 1394 liberisque
589 1313 815 1394 praeceperat:
841 1327 858 1362 a
871 1299 1024 1367 nnumin
1045 1313 1142 1366 torris
1164 1297 1322 1392 populum
1347 1322 1460 1366 ronia-

388 1433 487 1496 num,
504 1423 537 1476 et
553 1431 651 1476 unam
671 1409 703 1476 in
725 1405 848 1501 populo
865 1429 1002 1474 rontano
1014 1406 1174 1498 Scipionis
1193 1405 1328 1472 domum
1346 1429 1459 1474 nosse:

387 1517 516 1609 integra
535 1519 644 1583 omnia
665 1511 839 1582 AEuriliano
860 1510 1065 1582 reservarc²z
1083 1537 1159 1580 eurn
1180 1511 1348 1580 dividendi
1369 1515 1462 1607 regni

388 1621 549 1690 arbitrum
570 1619 729 1689 habereut
751 1645 758 1687 :
782 1618 872 1714 qnod
894 1643 921 1687 rs
940 1621 1124 1704 statuisset,
1146 1619 1281 1714 perinde
1304 1643 1345 1688 ac
1362 1635 1461 1688 testa·

388 1743 502 1800 merito
520 1742 676 1814 cautum,
698 1727 902 1796 immutabile
923 1751 961 1797 ac
981 1741 1129 1796 sanctum
1150 1727 1376 1794 obtinerent.»
1397 1730 1461 1794 Tot

387 1848 523 1928 tamque
544 1837 640 1903 variis
661 1835 759 1904 rebus
780 1859 814 1904 se
834 1836 1005 1904 Masinissa
1024 1832 1215 1928 infatigabili
1233 1835 1366 1926 pictatis
1380 1833 1460 1901 serie

387 1942 428 2010 ad
452 1927 686 2012 centesimum³
701 1941 848 2011 extendit
865 1965 998 2011 anirum.
1020 1945 1094 2022 His,
1113 1956 1146 2009 et
1165 1941 1284 2008 horum
1302 1937 1461 2008 similibus

387 2047 570 2142 exemplis,
609 2048 824 2119 beneficentia
853 2052 982 2144 generis
1015 2049 1151 2116 humani
1185 2050 1332 2116 nutritur
1363 2061 1462 2140 atquc

388 2170 529 2247 augetur
548 2181 556 2224 :
576 2155 627 2225 hm
653 2171 731 2226 sunt
756 2157 826 2248 ejus
855 2157 959 2238 faces,
985 2156 1019 2224 hi
1048 2154 1187 2238 stimuli,
1215 2168 1353 2249 propter
1379 2177 1461 2248 quos

385 2259 523 2352 juvandi
537 2276 570 2330 et
585 2263 752 2332 emerendi
766 2261 945 2356 cupiditate
962 2262 1094 2356 llagrat3
1109 2277 1140 2330 et
1156 2285 1234 2330 sane
1252 2259 1463 2354 amplissimae

388 2380 421 2433 et
446 2368 691 2461 speciosissima
716 2368 839 2437 divitus
859 2385 953 2452 sunt,
976 2368 1113 2436 feliciter
1132 2369 1274 2462 erogetis
1294 2367 1461 2435 beneficiis

387 2469 453 2540 late
480 2495 575 2566 posse
598 2476 748 2540 censeri:
776 2491 919 2567 quorum
945 2477 1101 2570 quoniam
1127 2473 1314 2570 religiosum
1333 2472 1461 2542 cultum

387 2562 620 2662 instituimus³‚
643 2601 731 2648 nunc
755 2579 964 2675 neglectum,
988 2579 1163 2676 sugillandi
1190 2583 1311 2674 gratia,
1332 2605 1399 2674 quo
1419 2581 1464 2648 sit

388 2683 528 2776 gratior,
549 2683 740 2754 referemus.

386 2879 503 2952 reliquit.
529 2879 598 2935 Corn
622 2883 743 2954 Appiano
765 2883 897 2938 consentit
983 2883 1291 2938 aAEmr'lianomeroore.
1299 2881 1395 2936 Passim
1403 2880 1462 2935 etli-

388 2957 492 3014 Sallust.
506 2961 570 3015 Bell.
586 2963 647 3034 lug.
662 2981 684 3014 c.
705 2963 730 3016 5.
752 2996 792 3006 -
809 2964 897 3016 illame-
941 2976 997 3016 tuns
1010 2985 1035 3015 se
1048 2985 1156 3025 senum
1168 2965 1252 3018 male·
1268 2983 1363 3036 nempe
1378 2961 1462 3016 modo

388 3059 448 3094 rum,
472 3041 504 3093 Io
525 3059 620 3096 novem
648 3042 722 3096 MSS.
755 3044 897 3116 multisque
939 3043 1179 3114 praeceperoefiliis,·
1198 3063 1280 3116 aquo
1301 3045 1359 3096 solo
1377 3043 1460 3096 verbo

386 3118 461 3172 editt.
479 3133 560 3174 exstat
583 3141 692 3184 numeru,
716 3136 746 3176 ut
768 3123 896 3177 dicatur:
941 3125 1041 3194 regitur
1055 3124 1098 3176 bic
1110 3123 1460 3188 infinitivusvoluitenim,

387 3201 507 3273 reliquisse
528 3219 628 3272 moagnas
649 3206 718 3272 rugari
745 3223 799 3274 opes
830 3215 898 3256 tanto
942 3202 1010 3255 lilios
1024 3221 1082 3255 non
1096 3202 1217 3257 dividere
1230 3222 1344 3274 regnum
1360 3215 1386 3256 et
1400 3221 1462 3276 opes

386 3277 614 3350 numem'fillorum.
636 3280 687 3334 Sed
707 3300 760 3335 ooo
789 3285 898 3355 reliquit
942 3296 1002 3336 unte
1018 3281 1163 3336 adveutum
1179 3283 1329 3347 AEmiliani‚
1345 3282 1393 3338 sed
1408 3303 1462 3337 orn·

386 3359 418 3410 iis
432 3361 555 3412 omuibus
576 3361 650 3432 regni
668 3381 749 3432 opes,
766 3362 837 3416 unde
852 3383 896 3415 nu·
941 3363 985 3416 nia
1003 3363 1103 3436 integra
1117 3363 1141 3416 ei
1154 3364 1291 3417 reservari.

388 3457 474 3492 merum
503 3441 611 3494 rectius.
638 3473 676 3484 --
696 3441 734 3494 M.
759 3443 897 3498 Manilium.
984 3443 1010 3496 3.
1023 3445 1237 3496 Adcentesinsum.
1254 3443 1459 3496 Nummum-

387 3518 438 3570 An.
455 3521 489 3572 U.
507 3521 572 3573 605.
591 3521 669 3572 Multi
683 3521 751 3574 Mun.
769 3523 897 3576 Illonilium
942 3521 1057 3577 tondum
1069 3521 1460 3595 huchaleriusumplificandi

386 3599 527 3668 appellant.
538 3599 607 3654 Vide
619 3601 797 3666 Florum‚lib.
813 3604 856 3668 11,
873 3623 896 3658 c.
942 3623 1017 3658 causa
1033 3605 1128 3676 elegit;
1140 3623 1202 3658 nam
1222 3605 1362 3658 Masinissa
1377 3621 1459 3655 nonu·

391 3679 442 3738 15,
456 3671 479 3738 S.
494 3693 567 3749 7;et
583 3681 669 3735 Cicer.
687 3682 760 3736 Brut.
777 3701 834 3754 cap.
852 3683 897 3737 15.
941 3685 1063 3756 prierius
1077 3685 1159 3752 obiit,
1174 3703 1203 3737 ac
1218 3685 1305 3738 lilium
1318 3681 1460 3756 quadrien·

387 3789 427 3800 -
444 3759 496 3828 Qui
509 3763 659 3829 proconsule.
675 3761 754 3814 Multi
768 3763 842 3816 MSS.
858 3769 901 3838 qui
942 3783 1004 3817 nero
1033 3765 1160 3836 reliquit,
1189 3783 1270 3836 quem
1300 3763 1460 3838 octogesimo

383 3840 514 3906 proconsul
518 3843 697 3904 ‚·utsuntbaec
706 3843 760 3898 l'ere
768 3855 898 3917 perpetuo
943 3857 1017 3897 sexto
1040 3845 1124 3898 atatis
1146 3863 1217 3898 auno
1239 3855 1379 3917 genuerat.
1396 3840 1459 3895 Vid.

387 3919 504 3972 confusa.
943 3925 1028 3988 vlu,
1049 3925 1082 3978 13
1093 3964 1101 3991 ‚
1112 3937 1164 3978 ert.
1185 3943 1208 3979 r.

429 4015 454 4050 ι.
479 4001 549 4052 Fato
568 4005 618 4054 sub
636 4003 845 4074 procurrentibus.
865 4002 898 4058 Id
984 4003 1459 4070 3.1muutmus.1dest,docuimus

385 4086 436 4128 est:
450 4082 628 4147 proveniente
643 4097 737 4140 morte.
941 4084 1048 4157 Lipsius
1063 4087 1137 4140 malit
1155 4089 1294 4140 institimus.
1315 4085 1434 4137 Frustra.

806 4265 1045 4292 -οι--ι
