3190 5122
222 534 330 606 cir.
358 532 436 618 111,
463 531 530 600 nn
558 529 757 598 Assum.
786 529 848 596 nr
876 527 1091 596 contin.
1138 523 1206 594 πει

490 719 722 810 CAPUT
769 719 865 806 ΙΙΙ.

214 890 262 954 Do
277 889 467 953 abstinentia
485 901 515 950 et
530 887 738 964 continentia,
758 907 893 973 qnorum
912 907 1046 949 rontano
1063 899 1145 949 sunt.

147 1050 168 1082 r.
181 1035 207 1078 P.
228 1032 307 1092 Scipio
318 1029 440 1077 Africanus
456 1029 529 1090 major
546 1043 637 1089 procos.
647 1054 678 1064 -
691 1042 713 1072 a.
727 1028 760 1073 M.
774 1029 832 1073 Crto
844 1027 961 1073 Uticensis
977 1043 1057 1088 propr.
1070 1054 1099 1062 —
1112 1028 1134 1074 3.
1149 1029 1213 1076 Nero

174 1111 285 1158 Claudius
302 1112 393 1156 Drusus
412 1119 436 1155 ot
452 1109 559 1155 Antonin.
572 1133 603 1144 -··
616 1115 639 1162 t.
656 1109 697 1155 Cn.
716 1107 818 1153 Marcius
836 1107 981 1153 Coriolanus.
994 1133 1025 1142 -
1041 1107 1062 1153 5.
1079 1109 1112 1153 Μ.
1129 1107 1213 1153 Cutius

175 1191 289 1236 uenatus
300 1205 347 1237 oos.
355 1213 386 1224 -
393 1189 416 1238 6.
428 1191 454 1236 C.
465 1189 583 1236 Fabricius
594 1188 707 1236 lasciuus
719 1201 767 1234 cos.
776 1211 807 1222 -
815 1201 836 1246 7.
843 1189 873 1244 Q.
885 1187 967 1234 nntius
978 1187 1072 1234 Tubero
1083 1189 1155 1234 Cotus
1165 1201 1214 1234 cos.

176 1273 236 1320 -8.
244 1274 270 1318 L.
276 1272 362 1318 muts.
376 1271 469 1316 Pilutus
481 1287 611 1332 procon-
620 1285 643 1334 9.
651 1270 731 1332 legati
742 1271 836 1328 rom.Q.
845 1269 929 1316 Fabius
941 1270 1045 1330 Gurges,
1054 1277 1078 1315 ct
1087 1270 1118 1314 tt.
1129 1268 1214 1316 Pullius

177 1352 267 1406 Pictor,
279 1362 302 1397 et
313 1353 343 1408 Q.
353 1351 475 1412 Ogulnius.
486 1377 518 1386 —
532 1365 568 1396 so.
581 1352 607 1396 L.
619 1349 756 1410 Calpurnius
767 1350 821 1395 Piso
833 1349 903 1410 Frugi
915 1364 962 1394 cos.
974 1374 1003 1382 —
1019 1363 1053 1394 rr.
1066 1349 1099 1393 Μ.
1114 1349 1170 1394 Cato
1179 1363 1214 1393 se·

177 1430 230 1474 nior
238 1443 286 1476 cos.
298 1455 330 1465 -
342 1445 380 1476 ra.
392 1429 427 1475 tt.
438 1429 496 1476 ctio
507 1427 633 1475 Uticensis.
643 1453 673 1466 -
688 1429 723 1473 13.
734 1429 760 1473 P.
773 1427 851 1488 Scipio
861 1427 1012 1474 AEmilirnur.
1024 1451 1055 1462 -·
1067 1431 1102 1480 tt.
1112 1426 1214 1487 Populus

177 1525 294 1558 wmarus.

219 1629 265 1690 Dc
281 1625 472 1690 abstinentia
487 1635 520 1686 st
532 1624 741 1704 continentia,
760 1645 895 1712 quarum
908 1637 1043 1688 externa
1058 1637 1149 1696 sunt..

148 1782 169 1820 s.
181 1767 282 1812 Pericles
293 1763 441 1842 miseniensis.
453 1789 484 1798 -
496 1778 517 1809 n.
529 1761 656 1825 Sophocles
670 1763 818 1810 atheniensis.
829 1789 860 1798 -
874 1763 895 1809 3.
908 1764 1049 1810 Xenocrates
1065 1761 1215 1809 academicus.

178 1872 209 1882 -
220 1853 242 1900 4.
254 1846 371 1906 Diogenes
384 1843 485 1902 cynicus.

169 1986 217 2037 DE
239 1983 479 2038 ABSTINENTIA
500 1983 547 2035 ΕΤ
568 1981 837 2115 ΕΟὲὣξΕΝΤΙΑῩ
860 1979 1019 2046 QUARUM
1041 1985 1195 2040 storiam

204 2193 328 2284 Magna
343 2214 423 2259 cura
441 2189 674 2286 praecipuoquo
690 2187 798 2256 studio
814 2187 1024 2258 referendum
1040 2203 1104 2278 est,
1119 2213 1219 2284 quan·

151 2312 267 2392 topero
295 2296 436 2365 libidinis
462 2311 495 2364 et
519 2295 663 2364 avaritia
686 2293 791 2362 furori
812 2293 932 2364 similes
954 2295 1096 2390 impetus
1118 2295 1161 2364 ab
1176 2293 1218 2366 il-

148 2401 303 2471 lustrium
326 2403 474 2471 virorum
496 2399 685 2496 pectoribus
707 2401 842 2470 consilio
864 2425 903 2470 ac
925 2403 1051 2475 ratione
1072 2403 1218 2472 submoti

150 2511 234 2577 sint:
250 2511 327 2603 quia
340 2508 473 2580 demum
490 2509 510 2576 ii
526 2521 676 2602 penates,
692 2510 876 2594 causitus,
890 2507 922 2576 id
938 2533 1076 2604 regnum
1094 2523 1219 2578 aeterno

147 2617 184 2684 in
204 2616 307 2712 gradu
327 2615 420 2684 facile
440 2616 583 2704 steterit,
601 2615 657 2682 ubi
673 2616 846 2683 minimum
871 2617 991 2684 virium
1006 2617 1146 2688 Veneris
1161 2641 1219 2711 pe·

151 2724 320 2817 cuniaeque
343 2721 466 2818 cupido
483 2721 543 2791 sibi
566 2719 791 2790 vindicaverit.
814 2723 902 2793 Nam
924 2747 991 2816 quo
1004 2725 1072 2792 isia
1090 2724 1219 2817 generis

153 2829 290 2896 humani
307 2832 497 2898 certissima
509 2843 619 2922 pestes
635 2831 901 2922 penetraverint,
918 2829 962 2896 ibi
981 2830 1099 2922 injuria
1114 2829 1220 2896 domi-

152 2950 270 3022 natur,
288 2935 426 3004 infamia
445 2935 571 3032 ssagmt.
592 2934 723 3024 Quibus
736 2932 865 3028 longius
881 2931 1019 3018 relictis,
1037 2935 1222 3004 contrarios

153 3055 223 3110 tam
244 3041 322 3110 diris
345 3043 431 3110 vitiis
452 3067 562 3110 mores
585 3037 914 3110 commemoremus¹.

206 3139 243 3214 ἰ.
259 3149 425 3234 Quartum
443 3162 477 3232 ct
493 3149 689 3217 vicesimum
706 3169 828 3214 annum
845 3169 944 3240 agens
959 3146 1069 3242 Scipio
1077 3144 1100 3230 ²,
1118 3169 1222 3240 quum

155 3253 191 3319 in
206 3251 363 3345 Hispania
382 3253 582 3348 Carthagine
600 3277 773 3348 oppressa,
790 3253 923 3346 majoris
940 3252 1150 3346 Carthaginis
1169 3275 1222 3321 ca·

156 3356 285 3452 piendae
303 3359 493 3452 sumpsisset
515 3361 680 3453 auspicia,
707 3357 894 3453 multosque
914 3358 1062 3446 obsides,
1080 3382 1163 3452 quos
1188 3359 1223 3425 in

201 3577 226 3611 1.
251 3557 390 3610 Contrarias
393 3597 440 3612 .....
456 3576 665 3612 commemoremus.
753 3581 778 3611 a.
794 3559 883 3629 Scipio.
904 3561 955 3611 An.
973 3560 1007 3611 U.
1030 3559 1095 3620 stt.
1113 3559 1222 3624 Livius,

84 3663 88 3673 ¹
157 3637 324 3694 Abstinentia
340 3649 393 3704 est,
407 3639 428 3690 si
441 3657 483 3691 res
496 3651 540 3691 sut
555 3639 667 3703 alienas,
711 3641 756 3691 lib.
774 3639 885 3705 xxm,
900 3658 923 3692 o.
937 3639 986 3702 50;
1000 3639 1031 3691 A.
1044 3639 1160 3704 Gellius,
1177 3641 1223 3706 lib²

158 3731 204 3772 sut
211 3737 270 3790 quas
277 3719 361 3770 abusu
368 3735 464 3771 nocere
471 3718 668 3790 nobispossint,
712 3720 765 3784 vl,
780 3737 803 3771 c.
820 3719 855 3781 83
869 3719 1038 3784 Ammianus,
1054 3719 1100 3771 lib.
1118 3719 1222 3783 xxiv,

159 3799 269 3852 omnino
295 3797 410 3872 lugimus
426 3799 627 3863 nominantis,
647 3799 669 3851 si
713 3818 736 3851 c.
754 3805 786 3862 43
803 3799 897 3868 Polyb.
912 3797 958 3849 lib.
974 3797 1114 3866 X,c.19;
1131 3799 1222 3852 Front.

159 3891 288 3942 montem,
304 3879 321 3930 i.
336 3897 374 3943 e.,
387 3875 538 3943 libidinem,
549 3879 671 3950 volupta-
714 3880 731 3931 l.
741 3880 814 3942 11‚c.
830 3895 870 3929 11.
881 3909 921 3918 —-
933 3877 1087 3948 Cortlmgine.
1100 3877 1161 3930 Fuit
1168 3877 1225 3934 haeo

159 3956 454 4023 tem,desidsria‚etc.‚
462 3959 538 4028 justis
551 3957 670 4011 terminis
714 3958 846 4026 Carthago
862 3975 949 4020 nora,
964 3975 1044 4027 quarn
1060 3955 1224 4023 Hasdrubal,

160 4055 319 4090 macomus.
328 4037 378 4090 Sed
387 4037 584 4091 deabstinentis
592 4039 673 4091 moxi·
717 4035 770 4089 dur
792 4037 1066 4108 Carthaginiensium,
1085 4037 1113 4089 in
1132 4037 1225 4110 Hispa·

161 4118 673 4190 meloquiturValerius,nccubiquerite
717 4118 761 4170 nia
777 4117 872 4170 Batica
885 4115 1048 4171 condiderat.
1059 4117 1225 4190 --Snnrpsis·¹

162 4194 298 4270 distinguit
310 4199 380 4253 inter
390 4214 529 4274 utramque
537 4201 672 4254 virtutem.
717 4209 754 4250 set
765 4201 880 4269 auspicio.
897 4197 967 4264 Quia
983 4199 1072 4253 omnis
1092 4199 1225 4272 auspicata
