3218 5128
373 457 423 546 to
574 453 797 524 vststttt
831 452 1038 520 Msxttttt
1070 453 1167 520 LIB.
1200 451 1226 521 Ι.
1262 487 1270 502 ·

372 593 406 660 in
416 589 608 682 Hispaniam
620 586 706 652 ituro
719 585 790 654 hacc
802 583 950 679 prodigia
961 583 1161 653 acciderunt.
1169 585 1282 672 Quum
1293 581 1431 653 huni?

373 693 570 765 sacrificium
592 690 700 759 facere
722 689 834 778 vellet,
855 689 935 784 pulli
953 713 1055 758 cavea
1070 691 1178 760 emissi
1196 693 1231 758 in
1249 692 1432 784 proximam

375 800 491 870 silvam
513 797 684 890 sugerunt,
698 821 890 890 summaque
903 793 1069 890 diligentia
1089 797 1214 890 quaesiti
1228 798 1364 890 reperiri
1377 821 1432 864 ne·

375 907 560 999 quiverunt.
575 903 754 997 Quumque
769 902 811 970 ab
827 899 993 970 Herculis²
1003 915 1191 998 portu‚quo
1210 901 1348 996 pedibus
1360 927 1433 996 per·

376 1023 529 1092 venerat,
551 1031 669 1077 navem
690 1007 941 1092 conscenderet,
957 1006 1030 1076 talis
1046 1031 1112 1078 vox
1126 1009 1195 1078 sinc
1213 1007 1280 1076 ullo
1299 1022 1437 1076 auctore

377 1116 419 1184 ad
443 1139 539 1184 aures
560 1115 630 1208 ejus
655 1117 821 1209 pervenit,
847 1117 1024 1200 Mancrite,
1047 1137 1156 1182 arurae.
1183 1114 1259 1202 Qua
1280 1115 1435 1200 territus,

376 1247 479 1316 quum
502 1221 618 1289 itinere
640 1245 801 1290 converso
820 1205 992 1289 Genuam³
1007 1219 1255 1313 petisset‚etibi
1277 1219 1433 1314 scapham

376 1341 462 1398 esset
482 1327 662 1421 ingressus,
685 1329 801 1422 anguis
816 1327 941 1394 eximiae
959 1325 1191 1420 magnitudinis
1212 1327 1334 1394 visuse
1354 1351 1434 1394 con·

378 1447 492 1528 spectu
514 1432 602 1501 abiit.
625 1435 715 1528 Ergo
739 1457 913 1500 numerum
935 1431 1160 1525 prodigiorum
1186 1455 1325 1500 numero
1343 1430 1434 1500 cala-

378 1541 528 1608 mitatum
547 1540 702 1632 armavit,
721 1535 841 1624 infelici
859 1562 984 1632 pugna,
1005 1540 1094 1632 turpi
1113 1535 1252 1625 foedere,
1269 1536 1435 1606 deditione

378 1645 514 1714 funesta.

432 1751 465 1821 8.
489 1752 600 1820 Minus
620 1753 735 1820 miram
758 1753 793 1819 in
812 1751 945 1820 homine
967 1776 1084 1844 parum
1109 1752 1314 1822 considerato
1337 1766 1436 1820 teme

377 1857 506 1926 ritatem
524 1859 572 1926 Ti.
592 1857 736 1928 Gracchi
751 1859 933 1953 gravissimi
952 1859 1033 1926 civis
1050 1859 1149 1928 tristis
1164 1860 1288 1945 exitus,
1303 1872 1337 1927 et
1356 1883 1434 1952 pro·

375 1962 466 2059 digio
481 1963 709 2052 denuntiatus,
732 1989 792 2033 nec
814 1965 954 2033 evitatus
971 1963 1123 2054 consilio,
1144 1965 1229 2036 lacit.
1252 1961 1432 2035 Proconsul

421 2193 445 2228 a.
458 2175 710 2228 hamalariuium
724 2173 833 2245 propius
843 2177 887 2226 est'
925 2173 997 2245 qarod
1027 2175 1054 2228 in
1087 2177 1143 2245 ejus
1169 2175 1268 2245 templo
1295 2189 1432 2246 nunquam

378 2255 444 2306 arari
456 2255 525 2306 inter
540 2253 658 2318 Ostiam,
670 2251 783 2304 Ardeam
792 2264 818 2304 et
828 2253 882 2306 Ve-
927 2254 992 2306 alius
1000 2287 1008 2314 ‚
1017 2266 1112 2325 praeter
1120 2251 1267 2318 eum‚deua
1281 2253 1433 2316 solabatur,

377 2331 882 2385 liternum2hecciaitasabAEneacon-
926 2331 998 2403 quod
1017 2333 1044 2384 in
1064 2333 1177 2384 aliorum
1193 2331 1296 2404 templis
1311 2345 1351 2386 est
1363 2349 1432 2402 sepe

379 2409 882 2482 dita‚acdiseernendaaLanavio‚quod
925 2413 1032 2464 factum.
1051 2443 1086 2453 -
1101 2413 1183 2465 Mane.
1204 2411 1231 2464 Si
1248 2410 1312 2483 quid
1331 2409 1431 2464 audivit

377 2487 883 2562 oppidumLatii,ubiJunonisSospite
925 2491 1079 2552 Mancinus.
1098 2509 1147 2543 nec
1167 2492 1221 2544 sola
1244 2491 1430 2562 imaginatione

377 2583 434 2623 erat
453 2569 556 2632 fanum,
574 2569 683 2639 propius
697 2581 752 2621 erat
767 2567 881 2622 adriam
925 2567 1049 2642 deceptus
1062 2571 1129 2634 fuit,
1141 2571 1257 2623 hesron
1267 2573 1324 2623 sine
1333 2569 1430 2634 dubio,

377 2650 490 2720 Appiam
511 2647 612 2711 situm,
636 2647 706 2700 inter
725 2649 880 2708 Albanum,
924 2647 1118 2721 expeditionem
1137 2649 1312 2702 recusantium
1335 2667 1431 2713 suasu,

377 2727 490 2782 Ariciam
510 2740 536 2779 et
556 2725 668 2779 Ardeam
681 2721 772 2788 (nunc
791 2727 882 2780 civitas
925 2730 958 2780 ab
971 2745 1024 2781 uno
1035 2729 1162 2781 comitum
1173 2745 1204 2781 ex
1217 2731 1321 2782 occulto
1338 2729 1430 2782 emissa

377 2803 526 2871 ludovina).
535 2806 611 2860 Prius
621 2805 882 2879 oppidumhocloco
924 2821 972 2860 est.
993 2808 1085 2860 lavitis
1104 2821 1191 2860 autem
1203 2808 1345 2874 militibus,
1365 2807 1433 2880 quid

377 2887 586 2958 intelligettnam
601 2887 637 2952 si,
648 2883 721 2957 quod
735 2899 823 2938 narrat
831 2887 884 2938 Va·
925 2886 1044 2950 miram,
1067 2905 1129 2940 eum
1153 2887 1292 2942 infeliciter
1316 2907 1430 2960 pugnas·

376 2967 471 3030 lerina,
487 2985 546 3020 cum
562 2965 627 3018 Julii
642 2966 741 3038 Obseq.
756 2965 883 3018 relatione
925 2965 970 3018 sel
983 2967 1048 3032 Quis
1060 2980 1184 3037 preterea
1199 2981 1334 3021 enumeret
1348 2986 1430 3038 augu-

376 3064 524 3116 compares,
540 3045 651 3114 patebit,
666 3045 694 3098 in
708 3045 799 3097 silvam
816 3045 883 3096 Lau·
924 3063 1009 3109 rum,
1032 3047 1175 3099 ariolorum
1192 3083 1202 3112 ,-
1225 3059 1273 3100 etc.
1300 3045 1432 3099 fraudes?

375 3126 508 3179 rentinam
519 3124 605 3194 pullos
617 3124 731 3177 avolasse
738 3163 746 3188 ,
753 3141 812 3194 quta
822 3143 883 3195 pru·
966 3127 991 3179 3.
1003 3125 1119 3179 Genuam.
1131 3126 1183 3178 Pro
1192 3125 1301 3178 Genuam
1308 3125 1431 3178 nonnulli

377 3224 411 3276 pe
421 3203 561 3258 Lavinium
572 3213 679 3254 erat-
687 3203 756 3254 Pulli
765 3203 787 3256 si
798 3221 813 3255 a
824 3203 883 3276 pul·
924 3201 1001 3256 codd.
1013 3204 1088 3256 MSS.
1101 3205 1198 3258 habent
1208 3206 1330 3266 Furtum,
1345 3206 1431 3276 pluri·

377 3285 443 3341 lario
455 3301 532 3337 cavea
541 3281 628 3334 emissi
641 3299 672 3334 ex
681 3282 816 3352 proposita
827 3283 881 3335 oll'a
924 3282 960 3334 mi
979 3285 1098 3336 Ferreum,
1115 3283 1219 3337 Vitium
1243 3303 1274 3337 ex
1300 3286 1432 3356 scriptura

377 3382 433 3416 nun
448 3373 635 3434 pascerentur,
655 3358 701 3412 sed
716 3361 787 3412 illico
802 3361 882 3414 acola-
924 3374 1020 3414 ortum.
1034 3361 1209 3430 -Scuplaam
1225 3363 1348 3436 Scapha,
1365 3377 1434 3417 teste

377 3455 447 3504 rent,
470 3443 568 3494 malum
584 3439 613 3493 id
628 3457 706 3495 omen
726 3440 879 3494 habebant:
923 3441 1027 3504 Nonio,
1041 3441 1168 3494 naviculas
1182 3457 1257 3506 sunt,
1272 3461 1331 3515 quas
1350 3447 1431 3516 majo-

377 3521 477 3573 bonum
492 3535 592 3586 autem,
610 3521 631 3572 si
645 3515 785 3590 quidinde
804 3537 881 3590 cape·
923 3537 1049 3572 resnavee
1057 3521 1240 3590 sequebantur.
1248 3523 1295 3575 His
1299 3523 1432 3593 jamGrae-

376 3611 450 3663 rent,
460 3599 604 3669 prasertim
622 3599 642 3652 si
657 3597 823 3671 pascentibus
833 3599 881 3650 ali·
923 3599 948 3650 oi
960 3611 1021 3652 sunt
1032 3599 1086 3663 usi,
1102 3613 1133 3652 ut
1147 3618 1162 3652 e
1179 3601 1296 3673 Philippi
1308 3621 1430 3655 sermone

377 3675 483 3749 quidex
493 3696 539 3729 ore
552 3677 699 3744 cecidisset,
709 3675 781 3750 quod
793 3679 880 3749 primo
922 3676 1050 3748 quodam,
1063 3680 1109 3750 qui
1123 3681 1152 3732 in
1167 3681 1337 3753 proverbium
1349 3679 1432 3746 abiit,

356 3818 361 3828 ‚
379 3760 539 3826 surrupticium,
557 3777 618 3810 mox
638 3759 803 3829 terriprudiarm
826 3769 881 3810 tan·
922 3771 1032 3811 constat.
1043 3759 1219 3824 saturantem,
1230 3761 1276 3831 qui
1287 3762 1320 3812 ab
1333 3761 1430 3830 illyriis

377 3835 437 3889 dem
453 3835 579 3904 tripudium
594 3835 691 3891 dixere.
708 3839 766 3892 Liv.
781 3838 820 3902 X,
834 3845 879 3902 40,
923 3837 1040 3892 inventas
1062 3837 1189 3892 tradant:
1209 3839 1331 3910 Antiquis
1350 3840 1428 3892 etiarn

376 3916 471 3980 habat,
487 3913 632 3985 tripudium
647 3918 811 3970 solistimum.
922 3919 996 3970 navis
1017 3930 1108 3970 venter
1123 3919 1217 3990 scapha
1234 3920 1428 3972 nominabatur.

418 4015 444 4048 a.
465 3994 576 4045 Herculis
590 3995 688 4048 scilicet
702 3997 879 4068 Monoecipor·
922 4027 962 4038 -
982 4000 1032 4049 An.
1048 3999 1130 4050 Urbis
1151 4003 1216 4052 616.
1235 3998 1346 4066 Livius,
1362 3999 1428 4064 LV3

376 4087 417 4134 tus
427 4075 454 4128 in
464 4073 580 4146 Liguria.
589 4071 631 4126 Sic
642 4071 728 4128 dictus
739 4075 876 4140 Hercules,
922 4077 938 4128 J
940 4075 975 4128 ul.
990 4076 1087 4148 Ohssq.
1098 4093 1158 4147 cap.
1171 4077 1320 4131 Lxxxttt.
