3184 5132
303 525 405 595 clv.
434 525 478 612 u,
505 525 573 592 nn
600 525 815 594 rnucln.
844 527 905 593 ur
932 528 1104 628 innoc,
1164 527 1231 599 125

169 682 209 726 ea
225 658 361 726 honoris
377 657 500 750 pariter
514 669 612 749 atque.
630 669 840 750 contemptus
856 659 906 725 sui
921 657 1059 744 vindex,
1076 659 1233 729 consedit.

227 761 259 833 3.
281 760 460 832 Veneficii¹
483 765 619 856 quaestio
641 777 675 830 et
699 763 846 831 moribus
873 777 905 831 et
938 761 1062 857 legibus
1090 767 1235 836 romanis
1305 815 1310 824 .

170 871 299 964 ignota,
325 867 545 962 complurium
571 883 797 936 matronarum
826 869 991 962 patefacto
1017 869 1139 939 scelere
1160 887 1232 940 orta

170 991 221 1044 est
233 999 321 1068 :quse
334 999 437 1068 quum
450 976 538 1043 viros
554 999 630 1044 suos
645 973 853 1042 clandestinis
868 973 990 1044 insidiis
1003 1000 1132 1046 veneno
1146 981 1232 1071 peri·

170 1095 315 1166 merent,
332 1083 429 1148 unius
447 1079 571 1150 ancillae
585 1079 706 1149 indicio
720 1094 909 1174 protractae,
926 1103 1002 1174 pars
1016 1081 1146 1176 capitali
1158 1081 1167 1106 ²
1179 1084 1232 1176 ju·

170 1187 257 1256 dicio
271 1187 595 1273 damnatae,centum
608 1186 814 1280 septuaginta
825 1211 998 1254 numerum
1008 1187 1232 1282 expleverunt.

226 1296 259 1377 4.
274 1277 481 1362 Tibicinum³
497 1317 627 1386 quoque
642 1291 814 1386 collegium
827 1291 910 1361 solet
922 1294 955 1360 in
970 1293 1042 1361 foro
1056 1293 1146 1388 vulgi
1157 1321 1233 1364 ocu·

170 1397 220 1467 los
230 1400 262 1465 in
273 1423 307 1467 se
317 1413 526 1486 convertere,
539 1424 640 1492 quum
651 1401 736 1466 inter
745 1397 891 1492 publicas
901 1399 1109 1492 privatasque
1119 1399 1233 1490 ferias,

171 1505 332 1591 actiones,
348 1505 497 1599 personis
511 1518 599 1574 tecto
616 1507 722 1598 capite
743 1506 896 1598 variaque
910 1519 999 1573 veste
1016 1505 1147 1593 velatis,
1158 1531 1233 1575 con·

171 1625 287 1680 centus
308 1610 395 1680 edit:
407 1598 504 1678 inde⁴
523 1625 627 1680 tracta
646 1609 784 1679 licentia.
803 1610 981 1698 Quondam
1000 1613 1094 1680 vetiti
1112 1614 1146 1678 in
1163 1613 1233 1682 aede

171 1805 219 1868 sit,
234 1806 276 1856 vel
292 1824 307 1856 a
324 1803 437 1866 Canidia,
452 1803 558 1856 civitate
570 1804 681 1856 Sabino·
725 1802 1136 1876 sacerdotibuscomplebantur,
1144 1805 1234 1860 indies

171 1902 248 1940 rum,
270 1882 341 1936 unde
363 1884 415 1935 hoc
439 1901 520 1953 genus
539 1883 681 1953 insignium
726 1883 769 1934 vel
785 1895 870 1935 certos
885 1884 927 1935 vel
943 1885 1021 1936 etiam
1042 1885 1172 1949 incertos3
1188 1905 1234 1938 seu

172 1974 287 2014 tractum
309 1974 379 2014 esta
402 1963 543 2024 Romanis,
567 1963 635 2014 sicut
657 1953 701 2014 et¹
727 1965 884 2030 imperative,
900 1981 958 2032 quoe
980 1982 1029 2033 pro
1044 1983 1073 2014 re
1089 1977 1149 2016 nata
1163 1963 1233 2016 indi·

173 2055 233 2112 toga
254 2053 394 2112 praetextu
410 2041 451 2092 vel
470 2041 532 2110 quia
555 2041 598 2093 isti
614 2041 683 2092 sellas
727 2041 867 2104 cebantur;
888 2039 1003 2112 denique
1015 2043 1234 2114 mandinoe,qpum

173 2131 239 2172 rotae
254 2121 375 2189 subjectas
391 2131 492 2182 essent,
507 2120 578 2172 utin
592 2137 684 2190 quam·
727 2119 821 2170 mercis
847 2138 923 2172 causa
948 2121 1146 2175 conveniebant.
1164 2123 1234 2176 Vide

173 2217 280 2270 cunque
293 2211 394 2270 partem
408 2199 508 2270 impelli
520 2212 545 2251 et
563 2199 624 2251 vehi
637 2217 682 2250 seu
725 2197 844 2250 Macrob.
857 2201 887 2261 1,
907 2202 950 2251 16.
965 2225 1001 2232 -
1020 2199 1152 2252 Concentus
1173 2203 1230 2256 edit.

173 2298 267 2330 curura
280 2291 375 2350 posset.
400 2307 436 2319 -
450 2277 566 2330 Honoris.
589 2277 681 2330 llono·
725 2275 794 2329 Mire
807 2278 883 2330 torsit
905 2277 949 2330 bic
970 2279 1043 2331 locus
1067 2281 1231 2352 interpretes.

171 2376 229 2410 rem
249 2356 412 2419 vindicavit,
432 2354 512 2422 dum,
534 2375 613 2428 quem
637 2357 680 2409 alii
724 2357 832 2408 Persona
857 2357 908 2409 luit
931 2357 1023 2430 capitis
1049 2361 1231 2430 cooperimen-

170 2438 195 2489 εἰ
216 2435 368 2508 ademptum
389 2437 476 2500 ibant,
498 2436 554 2507 ipse
569 2436 681 2508 sumpsit
725 2448 781 2488 tum
789 2435 974 2507 aliquod,quo
983 2439 1139 2504 utebantur;
1151 2441 1230 2512 vulgo

171 2517 237 2584 sibi,
250 2517 340 2569 sellam
353 2515 473 2568 curulem
485 2515 575 2569 allerri
585 2517 680 2586 juben·
724 2517 791 2568 larva
806 2514 912 2568 dicitur.
931 2517 1010 2567 Varia
1023 2524 1096 2570 vestis
1114 2517 1228 2583 dicitur,

171 2594 221 2660 do,
233 2597 315 2668 inque
329 2615 359 2648 ea
375 2592 509 2648 sedendo:
523 2607 680 2667 contemptum
723 2613 841 2666 quianon
851 2593 929 2648 unius
938 2596 1034 2648 coloris
1044 2610 1098 2662 est,
1108 2597 1152 2650 sed
1165 2601 1231 2652 mul·

172 2680 210 2726 sai
222 2688 309 2728 antem
324 2673 484 2739 vindicavit,
499 2671 564 2727 dum
579 2675 681 2728 nobiles
723 2675 813 2728 vitarit.
835 2673 886 2728 Sed
909 2673 975 2746 quid
996 2675 1045 2728 sibi
1065 2678 1158 2729 volunt
1180 2679 1231 2732 boc

173 2755 231 2808 illos
247 2753 352 2808 invidos
374 2754 445 2808 ultus
464 2765 518 2816 est,
540 2753 680 2820 iaciendo,
722 2753 781 2806 loco
791 2755 884 2821 serica?
898 2753 962 2826 quid
983 2759 1109 2807 actiones?
1126 2757 1231 2828 Lipsius

173 2833 245 2905 quod
259 2852 303 2887 eos
318 2847 424 2898 vireret,
437 2852 534 2904 eosque
549 2831 681 2906 cogendo,
723 2834 857 2904 rescripsit
871 2834 999 2904 :publicas
1017 2839 1171 2907 primasque
1190 2839 1230 2904 se-

173 2925 204 2965 ut
215 2912 388 2986 adspicerent.
400 2913 467 2966 Nam
477 2913 505 2965 in
517 2913 610 2965 limine
623 2931 681 2965 eam
723 2916 849 2974 riationes,
866 2913 976 2964 vocibus
986 2915 1064 2979 serias
1085 2925 1112 2966 et
1127 2919 1229 2967 actiones

174 2993 315 3064 apposuit,
338 3013 372 3046 ne
399 2993 457 3064 quis
482 2993 589 3045 illorum
611 2993 681 3045 exire
723 2993 760 3045 sic
769 2991 999 3045 conflatis2Vorst.
1010 3010 1116 3063 prorsus
1124 2994 1231 3048 fortasse

172 3085 269 3143 posset.
285 3068 332 3134 (A.
350 3074 385 3126 U.
404 3068 494 3140 449.)
724 3069 927 3142 expungendum
935 3075 1037 3122 actmnes
1046 3072 1161 3142 conjicit.
1170 3074 1230 3125 Duo
1283 3091 1288 3101 ¹

217 3170 241 3204 r.
253 3150 376 3220 Veneficii.
389 3153 428 3204 De
437 3150 551 3220 ommacio
559 3153 608 3224 leg.
621 3153 680 3205 Liv.
725 3149 802 3204 codd.
811 3151 988 3202 babentserias
998 3155 1112 3212 actiones,
1121 3170 1230 3224 eamque

174 3231 343 3296 V11130ros.
359 3231 416 3294 111,
435 3225 539 3292 ro.(A.
553 3232 588 3284 U.
603 3228 681 3294 4η.)
724 3230 865 3282 lectionem
878 3229 989 3282 Torren.
1012 3243 1038 3284 et
1055 3231 1142 3303 Kapp.
1167 3251 1231 3302 pro-

218 3327 243 3361 s.
258 3309 321 3360 Pars
332 3311 439 3380 capitali.
447 3311 578 3380 Pauperes
588 3310 682 3380 prosei-
725 3311 803 3380 bant,
815 3321 892 3380 atque
903 3308 940 3361 ita
953 3311 1098 3381 explicant:
1113 3310 1230 3363 Tibicines

175 3405 230 3459 pue
239 3388 344 3458 capitali
355 3387 483 3460 supplicio
495 3389 594 3440 allectas
604 3407 611 3440 :
623 3389 684 3441 alia·
725 3390 804 3440 mulos
822 3389 890 3457 uulgi
904 3392 929 3439 in
949 3409 973 3440 se
985 3401 1136 3451 convertunt,
1152 3392 1227 3462 quod,

174 3485 237 3519 rum
253 3484 317 3518 vero
332 3485 411 3537 paena
429 3467 554 3537 pemissa
569 3466 683 3520 traditur
725 3468 781 3518 dam
791 3467 886 3537 publice
898 3471 1055 3540 privatimque
1067 3473 1136 3520 serioe
1150 3489 1186 3519 m
1199 3472 1229 3521 ab

173 3547 294 3617 ipsarum
303 3545 683 3616 maritis,propteriniamiam.
726 3545 832 3598 omnibus
842 3559 959 3616 agantur,
979 3549 1015 3598 illi
1033 3548 1078 3597 isac
1091 3559 1189 3600 utantur
1201 3551 1231 3601 li-

218 3626 244 3678 3.
265 3625 406 3676 Tibicinum.
426 3625 456 3676 A.
479 3625 513 3676 U.
537 3629 601 3688 44²·
623 3627 681 3678 Liv.
726 3631 817 3686 centia,
832 3639 856 3677 et
869 3631 903 3677 sic
921 3631 1001 3676 ornati
1014 3639 1138 3678 censemus
1150 3627 1230 3680 edant.

173 3704 230 3768 IX,
242 3705 293 3769 303
304 3701 384 3756 Ovid.
395 3703 521 3768 Paravi,
533 3706 601 3775 6573
612 3705 681 3758 Plut.
726 3705 845 3758 Perizon.
867 3703 1007 3776 legendum
1032 3707 1140 3777 suspicit
1154 3709 1231 3774 serias

142 3803 151 3815 ·
173 3784 308 3836 Problem.
323 3783 554 3836 LV.-Pudlicas
565 3789 684 3855 privatas·
726 3783 954 3854 etsacrficationes,
970 3783 1090 3855 qualibus
1104 3786 1159 3837 scil.
1172 3805 1230 3839 ver-

173 3882 228 3936 qne.
239 3863 338 3915 Praetu
343 3861 453 3933 publicas
453 3864 613 3928 seriaserant
620 3882 684 3935 quo·
726 3864 767 3916 bis
776 3863 871 3919 Noster
882 3861 995 3933 gaudere
1012 3864 1093 3928 solet,
1111 3865 1232 3917 similiter·

173 3961 227 4014 que
234 3946 336 4011 privatae
344 3942 505 4013 singularum
516 3941 681 3996 familiarum.
726 3943 806 4014 paulo
819 3955 878 4014 post
898 3943 1009 4011 epulatio.
1024 3943 1132 3996 Notavit
1145 3945 1231 3996 Theo-

174 4022 284 4074 Pablicoe
297 4036 372 4075 erant
386 4034 432 4074 aut
443 4033 529 4083 statoe,
545 4039 602 4092 quas
617 4034 682 4074 stato
726 4021 793 4094 phil.
810 4039 894 4073 uuum
905 4039 937 4073 ex
949 4021 1062 4092 antiquis
1080 4024 1232 4094 exemplari·

174 4113 294 4172 tempore
308 4101 448 4166 redibant,
464 4121 511 4154 seu
529 4104 681 4171 conceptiva,
726 4103 840 4154 busnon
854 4100 951 4153 babere
964 4105 1075 4156 actiones.

172 4197 234 4251 qna
243 4182 413 4252 quotannisa
432 4181 626 4254 magistratibus
641 4182 682 4233 vel
769 4188 794 4245 4.
817 4180 883 4234 Inde.
899 4180 960 4234 blec
980 4183 1109 4253 particula
1131 4199 1185 4234 non
1201 4181 1234 4233 ad
