3196 5122
283 509 386 578 CAP.
416 509 487 593 vl,
515 507 583 578 DE
610 507 855 578 LICENTIA
883 511 1096 580 CULTUS.
1155 513 1223 588 231

209 645 244 728 lq.
266 643 304 710 C.
323 654 435 710 eutem
455 637 616 727 Duilius¹,
631 640 689 734 qui
704 640 832 735 primus
848 641 1000 712 navalem
1019 645 1228 740 triumphum

153 774 196 818 ex
211 749 322 818 Poenis
337 746 466 834 retulit,
485 749 749 842 quotiescunque
763 746 958 842 epulaturus
973 764 1062 839 erat,
1078 751 1122 820 ed
1136 752 1230 824 funa-

153 855 219 925 lem
234 881 369 925 cereum
386 870 556 949 praeeunte
573 854 707 923 tibicine
725 868 760 924 et
773 853 924 940 fidicine,
945 881 1070 928 ecoene
1088 857 1227 930 domum

153 964 277 1032 reverti
287 961 402 1032 solitus
411 976 476 1048 est,
487 962 651 1056 insignem
662 959 789 1032 belliooe
802 961 850 1030 rei
859 985 1049 1034 successum
1062 979 1227 1036 nocturna

153 1068 376 1140 celebratione
395 1067 557 1138 testando.

209 1172 241 1246 5.
262 1177 350 1246 Nam
363 1177 514 1271 Papirius
528 1173 663 1270 quidem
680 1175 795 1248 Masso
803 1172 827 1264 ²,
848 1201 952 1270 qturm
970 1175 1056 1248 bene
1071 1191 1164 1274 gesta
1180 1205 1229 1252 re-

151 1281 286 1377 publica
309 1283 517 1378 triumphum
535 1307 556 1351 a
573 1296 691 1352 senatu
712 1305 781 1352 non
802 1285 1028 1378 impetrasset,
1049 1286 1084 1352 in
1105 1284 1226 1356 elbeno

150 1404 267 1460 monte
285 1389 513 1490 triumphandi
530 1403 564 1459 et
582 1391 653 1484 ipse
668 1389 801 1458 initium
815 1389 953 1478 lecit‚et
966 1393 1092 1460 ceteris
1110 1407 1225 1487 postea

150 1495 340 1592 exemplum
358 1497 502 1592 prebuit
524 1521 531 1564 :
554 1521 684 1592 proque
708 1494 820 1566 laureo
842 1521 984 1586 corono,
1002 1523 1107 1592 quum
1127 1499 1225 1572 elicui

149 1602 342 1698 spectaculo
363 1606 555 1690 interesset,
578 1587 727 1698 myrtea³
750 1628 882 1700 semper
902 1630 982 1674 usus
1004 1620 1064 1675 est.

205 1709 239 1782 6.
257 1714 333 1779 Jem
352 1711 391 1780 C.
411 1709 511 1778 Marii
529 1733 623 1808 paene
638 1707 782 1780 insolens
797 1699 952 1782 factum⁴.
971 1711 1058 1782 Nam
1075 1723 1152 1808 post
1165 1713 1223 1780 Ju-

149 1818 347 1912 gurthinum
367 1869 377 1904 ‚
410 1816 673 1911 cimbricumque
706 1832 740 1888 et
767 1819 977 1890 teutonicum
1015 1815 1223 1914 triumphum

149 1909 329 1992 canthar0⁵
345 1948 476 2017 semper
496 1925 648 2018 potavit:
667 1924 758 2018 quod
773 1925 876 1993 Liber
893 1939 1004 2020 pater,
1022 1925 1169 1996 indicum
1183 1951 1225 1994 cx

148 2031 229 2098 Asia
246 2029 413 2098 deducens
436 2029 662 2125 triumphum,
682 2031 748 2100 hoc
768 2053 848 2102 usus
869 2030 982 2126 poculi
1001 2053 1123 2128 genere
1140 2032 1224 2102 fere·

148 2136 267 2222 batur3
288 2150 327 2204 ut
353 2137 571 2232 interipsum
596 2137 753 2206 haustum
779 2139 867 2226 vini,
889 2139 1037 2209 victoriae
1059 2139 1130 2234 ejus
1149 2163 1224 2208 suas

150 2242 305 2311 victorias
323 2251 543 2338 compareret.
647 2299 650 2308 .
1070 2235 1073 2243 ’

204 2373 237 2444 7.
261 2349 309 2418 tt.
332 2363 443 2420 autem
460 2353 546 2420 Cato
569 2361 708 2446 praetor,
727 2353 776 2420 M.
801 2335 940 2420 Scauri⁶
958 2363 1223 2446 coeterorumque

145 2479 282 2525 reorum
306 2457 448 2551 judicio,
472 2456 565 2528 nulle
586 2457 722 2528 indutus
748 2459 879 2544 tunice,
907 2455 965 2527 sed
987 2458 1221 2530 untummodo

145 2577 306 2657 praetexta
324 2566 465 2634 amiotus
477 2565 554 2658 egit.

189 2783 214 2818 1.
230 2763 261 2817 C.
272 2776 352 2818 autem
363 2764 472 2818 Duillio.
482 2765 535 2818 An.
545 2763 580 2815 U.
592 2763 659 2832 493.
704 2783 766 2818 cum
784 2764 888 2820 Baccho
902 2783 936 2827 se,
948 2764 1050 2820 Matios
1065 2783 1221 2838 comparare

144 2841 210 2896 Vid.
229 2838 287 2898 Liv.
303 2843 401 2909 xvn;
417 2843 543 2908 Flor.11;
560 2841 616 2896 Cic.
631 2843 660 2895 in
704 2861 760 2898 non
775 2841 917 2896 dubitavit.

145 2921 257 2976 Catone.
286 2957 320 2966 -
344 2925 472 2978 Nocturna
493 2921 659 2976 celebratione.
747 2921 772 2976 5.
795 2923 928 2976 canam.
949 2920 990 2973 Eo
1004 2923 1077 2974 eninr
1089 2923 1218 2978 mserum

142 3003 227 3068 Quasi
242 3017 268 3059 et
280 3005 402 3076 privatus
415 3017 548 3078 perpetuo
564 3005 662 3059 πίω·
703 3000 993 3074 pstrm'usumlnisss
1004 3000 1108 3058 dicunt.

141 3083 250 3156 phenet.
729 3087 773 3142 ,6.
783 3082 823 3136 Μ.
837 3081 933 3135 ὃσαιινί.
949 3082 1001 3134 An.
1013 3081 1049 3136 U.
1064 3085 1128 3152 699.
1142 3083 1221 3136 Scau·

188 3185 213 3218 s.
234 3165 351 3235 Papiriou
375 3163 469 3237 quidem
491 3163 584 3218 Masso.
608 3166 660 3217 An.
704 3181 751 3216 rus
772 3161 808 3215 ob
831 3157 981 3215 Sardiniam
1004 3179 1082 3215 avere
1106 3162 1221 3216 admini-

142 3245 181 3296 U.
201 3244 267 3296 522.
284 3243 350 3298 Vid.
369 3244 438 3297 Plin.
462 3246 531 3310 XV,
555 3263 602 3314 ²9·
619 3275 661 3288 -
704 3253 813 3296 stratum
831 3239 1041 3314 repetundarum
1065 3254 1122 3295 eret
1143 3261 1221 3296 sccu-

142 3323 221 3375 Bene.
235 3324 375 3377 Dericernt
385 3325 458 3378 enim
469 3323 607 3378 Samnites.
619 3356 661 3368 -
704 3335 784 3376 sotus.
795 3320 828 3375 Id
837 3320 969 3394 judicium
979 3324 1049 3375 Ceto
1061 3335 1149 3375 estete
1162 3323 1220 3375 sine

142 3403 248 3456 Albano
265 3415 351 3458 monte.
367 3405 422 3458 Ubi
435 3405 662 3458 seriniarinsece·
703 3404 811 3469 tunice,
829 3419 889 3478 quse
919 3413 959 3455 est
986 3401 1067 3455 restis
1089 3401 1220 3469 interior,

141 3484 335 3549 lebrubenmr‚
359 3497 385 3536 et
403 3485 565 3538 incunabulo
586 3485 660 3560 qussi
704 3484 1069 3554 solevelutnstogsprsstetxts
1078 3483 1223 3553 eginum·

140 3563 252 3616 fueram
266 3563 351 3634 gentis
365 3581 490 3618 romane.
571 3579 573 3586 ’
704 3563 1006 3636 qnerepetiitexveteri
1016 3562 1220 3630 consuetudins,

187 3644 214 3697 3.
231 3643 338 3716 Myrtea.
352 3643 412 3711 Qua
424 3645 661 3717 ovantesplenrm·
703 3661 756 3717 que
776 3657 804 3698 et
821 3643 930 3696 Romuli
951 3653 977 3695 et
999 3642 1106 3696 consilli
1127 3655 1220 3698 statute

142 3741 199 3794 que
215 3725 424 3778 coronabantur.
703 3735 798 3796 togata·
822 3726 923 3794 absque
943 3723 1041 3776 tunicis
1066 3735 1169 3790 essem,
1188 3743 1221 3778 cx

186 3809 213 3868 4.
227 3804 258 3858 C.
275 3803 356 3858 Marii
443 3805 546 3873 sumum.
561 3806 611 3858 An.
621 3805 658 3858 U.
703 3821 758 3876 quo
773 3813 892 3876 pateret,
904 3803 964 3856 illos
980 3803 1123 3876 sliqusndo
1138 3805 1176 3858 sic
1191 3804 1219 3856 in

143 3882 213 3938 652.
242 3885 375 3939 Insolentia
398 3885 426 3939 in
451 3905 483 3938 eo
502 3895 573 3955 eret,
586 3883 658 3957 quod
704 3885 793 3938 forum
810 3881 984 3937 descendisse.
