3168 5124
413 560 491 644 loo
599 554 826 624 VALERII
850 499 1073 620 ΙΜΑΙΙΙΜΙ
1107 553 1205 620 LIB.
1239 551 1305 622 VI.

414 687 551 762 consule
580 689 614 756 in
632 685 781 782 Olympo
797 699 913 754 monte
937 709 978 754 ex
1001 699 1096 780 parte
1113 683 1247 772 deletis,
1264 711 1304 755 ex
1321 701 1418 782 parte
1439 713 1502 758 ca·

415 797 493 893 ptis,
503 792 732 892 Orgiagontis¹
745 789 851 887 reguli
867 817 952 860 uxor
970 792 1062 860 mirre
1075 790 1360 886 pulchritudinisa
1373 809 1500 864 eentu-

354 979 357 986 ,
414 905 528 988 rione,
546 904 600 972 cui
620 898 837 970 custodienda
854 898 974 968 trudito
993 911 1081 985 erat,
1097 912 1250 994 stuprum
1269 901 1336 994 pati
1355 916 1500 990 coacta,

416 1024 594 1104 postquem
613 1021 751 1076 ventum
770 1020 822 1076 est
842 1006 877 1074 in
898 1030 974 1074 eum
994 1003 1127 1090 locum,
1148 1005 1184 1074 in
1199 1031 1299 1100 quem
1318 1009 1500 1098 centurio,

414 1117 514 1186 misso
529 1115 663 1201 nuntio,
681 1117 894 1182 necessarios
907 1113 1057 1182 mulceret
1064 1117 1216 1208 pretutm
1224 1165 1236 1198 ,
1256 1138 1325 1208 quo
1340 1137 1419 1183 eam
1440 1141 1498 1184 re—

415 1223 601 1306 dimerent,
624 1219 759 1314 afferre
776 1220 939 1314 jusserat,
956 1243 1076 1288 aurum
1097 1217 1304 1314 expendente
1321 1224 1497 1291 centurio-

417 1354 475 1417 ne,
487 1343 521 1398 et
534 1330 569 1396 in
582 1328 653 1422 ejus
666 1326 797 1422 pondus
812 1327 923 1395 animo
935 1324 1104 1422 oculisque
1119 1327 1262 1414 intento,
1274 1325 1497 1423 Gallograecis

416 1435 528 1531 lingua
543 1435 650 1528 gentis
664 1458 731 1503 suae
746 1433 939 1528 imperavit,
955 1447 995 1501 ut
1004 1457 1080 1501 eum
1095 1432 1291 1502 occiderent
1295 1459 1309 1520 ‚·
1324 1433 1496 1504 interfecti

414 1541 535 1612 deinde
553 1555 655 1636 caput
668 1539 830 1610 abcissum
846 1537 999 1608 manibus
1012 1539 1158 1608 retinens
1174 1537 1216 1608 ad
1235 1539 1416 1636 conjugem
1436 1567 1493 1610 ve-

415 1650 465 1718 nit
477 1673 486 1736 3
502 1648 698 1742 abjectoque
711 1644 901 1740 antepedes
918 1644 1007 1740 ejus,
1021 1659 1056 1714 et
1068 1642 1215 1740 injuriae²
1228 1658 1263 1715 et
1275 1645 1413 1718 ultionis
1424 1673 1494 1718 suae

415 1755 566 1824 ordinem
594 1754 758 1850 exposuit.
785 1752 894 1846 Hujus
916 1751 1047 1822 feminae
1072 1751 1151 1848 quid
1173 1750 1262 1821 aliud
1288 1755 1492 1849 quisquam,

413 1885 513 1957 quam
536 1885 678 1956 corpus,
699 1859 734 1928 in
755 1872 953 1954 potestatem
974 1858 1120 1930 hostium
1144 1861 1273 1930 venisse
1288 1858 1490 1931 dicatlnam

413 1993 521 2064 neque
540 1969 669 2037 animus
688 1967 794 2054 vinci,
813 1990 875 2034 nec
895 1964 1054 2061 pudicitia
1074 1967 1148 2060 cupi
1167 1967 1286 2061 potuit.

468 2098 501 2172 3.
521 2103 750 2170 Teutonorum
765 2083 776 2122 ³
794 2121 876 2167 vero
894 2099 1052 2194 conjuges
1069 2099 1215 2168 Marium
1231 2101 1396 2169 victorem
1415 2125 1490 2170 ora·

413 2222 511 2294 runt,
529 2223 567 2276 ut
584 2207 632 2276 ab
652 2232 694 2276 eo
713 2203 901 2300 virginibus
923 2204 1121 2274 Vestalibus
1140 2205 1232 2276 douo
1253 2212 1486 2297 mitterentur,

412 2313 632 2401 efflorentes,
649 2337 749 2408 ceque
765 2336 804 2380 se
816 2327 922 2406 atque
935 2313 1016 2381 ttas
1031 2313 1140 2382 uirilis
1157 2313 1357 2382 concubitus
1371 2339 1491 2411 espen

412 2419 647 2511 tesfltturas:
669 2442 774 2512 eaque
793 2442 829 2486 re
850 2443 918 2486 non
940 2419 1140 2513 impetrata,
1161 2418 1287 2514 laqueis
1304 2419 1367 2489 sibi
1389 2437 1489 2492 nocte

411 2527 565 2620 proxima
581 2525 732 2620 spiritum
748 2525 950 2618 eripuerunt.
980 2527 1036 2593 Dii
1049 2524 1184 2614 melius,
1202 2525 1294 2620 quod
1309 2526 1401 2596 hunc
1416 2531 1487 2597 ani-

412 2656 505 2700 mum
520 2631 601 2700 viris
617 2653 732 2700 earum
748 2631 782 2698 in
799 2631 868 2700 acie
887 2655 954 2699 non
969 2630 1134 2701 dederunt
1147 2657 1156 2721 ;
1175 2657 1252 2701 nam
1266 2635 1292 2702 si
1306 2631 1485 2702 mulierum

410 2761 546 2808 suarum
583 2739 741 2806 virtutem
769 2737 889 2804 imitari
916 2735 1120 2828 voluissent,
1148 2739 1273 2808 incerta
1303 2741 1483 2809 teutonice

410 2845 556 2916 victoriae
577 2857 703 2940 tropaea
720 2841 947 2912 reddidissent.

457 3067 481 3102 t.
493 3047 663 3118 Orgiagontis.
671 3046 712 3099 Itu
721 3045 841 3118 plerique
849 3043 926 3100 MSS.
972 3043 1006 3098 de
1028 3065 1179 3120 monogam.
1195 3045 1299 3108 Cimbri,
1328 3046 1449 3098 Tuam
1462 3061 1486 3098 et

414 3125 928 3197 ViritaruendoctimalintOrtiagontt’s;
974 3125 1047 3180 Gattt
1067 3127 1171 3180 &notus
1193 3127 1227 3179 nb
1245 3127 1373 3180 exn-ends
1393 3127 1484 3180 Gallia

413 3226 498 3279 grece
507 3207 580 3260 enim
593 3204 692 3259 dieitur
702 3195 839 3276 ὀρτιᾶγυν.
849 3237 890 3250 -·
898 3207 928 3259 In
970 3205 1184 3279 profugi‚quum
1197 3219 1281 3260 term
1294 3225 1392 3260 eorum
1407 3207 1482 3260 inuu-

414 3307 489 3360 qucm.
507 3284 619 3338 Addunt
633 3285 731 3356 ntiqui:
748 3285 863 3339 consulis
874 3288 929 3358 jus·
971 3284 1058 3340 desset
1080 3285 1219 3353 Oceanus,
1234 3305 1319 3340 nom
1336 3285 1413 3340 redes
1429 3300 1482 3340 toto

412 3385 459 3434 eu;
474 3363 547 3445 quod
558 3378 646 3418 autem
656 3364 771 3418 aliorum
781 3365 929 3419 narrationi
971 3367 1037 3418 orbe
1048 3367 1209 3438 querebant.
1220 3365 1283 3419 Pers
1290 3367 1320 3419 in
1329 3367 1432 3420 ltaliam
1440 3365 1482 3420 de·

414 3444 576 3501 advertatur.
970 3446 1040 3512 luta,
1056 3447 1152 3519 sugetis
1171 3447 1309 3500 numellis
1323 3465 1395 3501 rom.
1410 3466 1480 3501 exer·

458 3546 483 3580 ¹.
506 3527 543 3578 Et
557 3527 659 3594 injurie.
676 3519 729 3576 Ed.
743 3535 794 3575 vet.
811 3522 884 3595 Meg.
901 3537 928 3578 et
970 3527 1084 3593 ditibus,
1105 3545 1119 3579 ι
1140 3525 1228 3580 Morio
1247 3539 1289 3580 est
1309 3525 1400 3593 rictu
1425 3539 1478 3598 post

415 3605 487 3660 Uitr.
501 3609 523 3656 et
541 3608 670 3676 injurtam
682 3601 754 3675 quod
769 3621 818 3656 nec
829 3605 927 3658 Torre-
970 3607 1096 3660 amissum
1116 3607 1238 3679 pralium
1255 3625 1375 3660 uxorum
1390 3607 1477 3679 pler·-

416 3687 462 3740 nio
472 3723 480 3752 ,
491 3703 541 3738 nec
556 3685 664 3757 Krppio
675 3682 806 3755 displicet.
970 3685 1477 3760 queeeurrisprimopugnunmudeiu·

456 3765 483 3820 3.
495 3766 663 3819 Teutonorum.
674 3766 725 3816 An.
733 3763 769 3816 U.
778 3763 832 3817 651
839 3803 846 3817 .
854 3762 924 3818 Plut.
970 3763 1019 3832 de,
1029 3785 1063 3819 ne
1072 3767 1101 3820 in
1109 3767 1263 3821 servitutem
1273 3765 1475 3832 nbducermtnr,

414 3845 492 3901 Oros.
503 3843 543 3910 V,
558 3848 591 3900 ιδ
602 3865 611 3913 3
623 3843 694 3899 Flor.
704 3843 762 3912 ΙΙΙ,
775 3843 801 3897 3.
815 3843 923 3900 Hieron.
968 3863 996 3900 se
1011 3865 1125 3919 suosque
1142 3845 1288 3902 crudeliter
1308 3857 1474 3904 meunt.

809 4103 1060 4130 ——u-*a-
