<?xml version="1.0" encoding="UTF-8"?>
<!DOCTYPE html PUBLIC "-//W3C//DTD XHTML 1.0 Transitional//EN"
    "http://www.w3.org/TR/xhtml1/DTD/xhtml1-transitional.dtd">
<html xmlns="http://www.w3.org/1999/xhtml" xml:lang="en" lang="en">
 <head>
  <title>
</title>
<meta http-equiv="Content-Type" content="text/html;charset=utf-8" />
  <meta name='ocr-system' content='tesseract 3.04.00' />
  <meta name='ocr-capabilities' content='ocr_page ocr_carea ocr_par ocr_line ocrx_word'/>
</head>
<body>
  <div class='ocr_page' id='page_1' title='image "./valeriusmaximus01lykogoog_0049.png"; bbox 0 0 3218 5128; ppageno 0'>
   <div class='ocr_carea' id='block_1_1' title="bbox 406 494 1252 568">
    <p class='ocr_par' dir='ltr' id='par_1_1' title="bbox 406 494 1252 568">
     <span class='ocr_line' id='line_1_1' title="bbox 406 494 1252 568; baseline -0.009 0"><span class='ocrx_word' id='word_1_1' title='bbox 406 523 451 568; x_wconf 81' lang='lat' dir='ltr'>aa</span> <span class='ocrx_word' id='word_1_2' title='bbox 604 495 826 564; x_wconf 78' lang='lat' dir='ltr'>VALERu</span> <span class='ocrx_word' id='word_1_3' title='bbox 857 494 1065 564; x_wconf 83' lang='lat' dir='ltr'><strong>MAXIMI</strong></span> <span class='ocrx_word' id='word_1_4' title='bbox 1099 495 1194 562; x_wconf 89' lang='lat' dir='ltr'><strong>LIB.</strong></span> <span class='ocrx_word' id='word_1_5' title='bbox 1227 495 1252 561; x_wconf 90' lang='lat'>1.</span> 
     </span>
    </p>
   </div>
   <div class='ocr_carea' id='block_1_2' title="bbox 402 623 1470 1253">
    <p class='ocr_par' dir='ltr' id='par_1_2' title="bbox 402 623 1470 1253">
     <span class='ocr_line' id='line_1_2' title="bbox 402 623 1470 724; baseline -0.005 -28"><span class='ocrx_word' id='word_1_6' title='bbox 402 628 529 724; x_wconf 84' lang='lat' dir='ltr'>pionis,</span> <span class='ocrx_word' id='word_1_7' title='bbox 544 629 578 694; x_wconf 90' lang='lat' dir='ltr'>in</span> <span class='ocrx_word' id='word_1_8' title='bbox 596 626 751 694; x_wconf 88' lang='lat' dir='ltr'>thesauro</span> <span class='ocrx_word' id='word_1_9' title='bbox 771 627 974 720; x_wconf 80' lang='lat' dir='ltr'>Proserpinae</span> <span class='ocrx_word' id='word_1_10' title='bbox 992 623 1163 721; x_wconf 88' lang='lat' dir='ltr'>spoliando</span> <span class='ocrx_word' id='word_1_11' title='bbox 1179 623 1371 696; x_wconf 86' lang='lat' dir='ltr'>sceleratam</span> <span class='ocrx_word' id='word_1_12' title='bbox 1390 648 1470 692; x_wconf 83' lang='lat' dir='ltr'>ava-</span> 
     </span>
     <span class='ocr_line' id='line_1_3' title="bbox 403 731 1470 826; baseline -0.002 -24"><span class='ocrx_word' id='word_1_13' title='bbox 403 735 512 802; x_wconf 83' lang='lat' dir='ltr'>ritiam</span> <span class='ocrx_word' id='word_1_14' title='bbox 529 733 618 826; x_wconf 87' lang='lat' dir='ltr'>justa</span> <span class='ocrx_word' id='word_1_15' title='bbox 635 732 919 802; x_wconf 80' lang='lat' dir='ltr'>animadversione</span> <span class='ocrx_word' id='word_1_16' title='bbox 937 731 1123 802; x_wconf 81' lang='lat' dir='ltr'>vindicavit.</span> <span class='ocrx_word' id='word_1_17' title='bbox 1145 733 1259 821; x_wconf 85' lang='lat' dir='ltr'>Quurn</span> <span class='ocrx_word' id='word_1_18' title='bbox 1284 732 1370 799; x_wconf 85' lang='lat' dir='ltr'>euim</span> <span class='ocrx_word' id='word_1_19' title='bbox 1390 755 1470 800; x_wconf 86' lang='lat' dir='ltr'>eum</span> 
     </span>
     <span class='ocr_line' id='line_1_4' title="bbox 403 837 1468 934; baseline -0.003 -27"><span class='ocrx_word' id='word_1_20' title='bbox 403 840 552 915; x_wconf 84' lang='lat' dir='ltr'>vinctum</span> <span class='ocrx_word' id='word_1_21' title='bbox 566 841 709 908; x_wconf 86' lang='lat' dir='ltr'>Romam</span> <span class='ocrx_word' id='word_1_22' title='bbox 724 839 873 934; x_wconf 74' lang='lat' dir='ltr'>protrahi</span> <span class='ocrx_word' id='word_1_23' title='bbox 887 839 1035 933; x_wconf 86' lang='lat' dir='ltr'>jussisset</span> <span class='ocrx_word' id='word_1_24' title='bbox 1046 891 1056 926; x_wconf 90' lang='lat'><strong>‚</strong></span> <span class='ocrx_word' id='word_1_25' title='bbox 1069 853 1146 908; x_wconf 90' lang='lat' dir='ltr'>ante</span> <span class='ocrx_word' id='word_1_26' title='bbox 1156 863 1278 908; x_wconf 85' lang='lat' dir='ltr'>caussae</span> <span class='ocrx_word' id='word_1_27' title='bbox 1289 837 1468 906; x_wconf 88' lang='lat' dir='ltr'>dictionem</span> 
     </span>
     <span class='ocr_line' id='line_1_5' title="bbox 404 945 1470 1040; baseline -0.002 -28"><span class='ocrx_word' id='word_1_28' title='bbox 404 946 439 1013; x_wconf 90' lang='lat' dir='ltr'>in</span> <span class='ocrx_word' id='word_1_29' title='bbox 457 969 588 1016; x_wconf 80' lang='lat' dir='ltr'>carcere</span> <span class='ocrx_word' id='word_1_30' title='bbox 609 947 778 1016; x_wconf 81' lang='lat' dir='ltr'>teterrimo</span> <span class='ocrx_word' id='word_1_31' title='bbox 793 971 916 1039; x_wconf 78' lang='lat' dir='ltr'>genere</span> <span class='ocrx_word' id='word_1_32' title='bbox 928 945 1037 1015; x_wconf 85' lang='lat' dir='ltr'>morbi</span> <span class='ocrx_word' id='word_1_33' title='bbox 1051 960 1267 1040; x_wconf 86' lang='lat' dir='ltr'>consumptus</span> <span class='ocrx_word' id='word_1_34' title='bbox 1281 957 1331 1012; x_wconf 85' lang='lat' dir='ltr'>est</span> <span class='ocrx_word' id='word_1_35' title='bbox 1348 969 1355 1010; x_wconf 92' lang='lat'>:</span> <span class='ocrx_word' id='word_1_36' title='bbox 1371 967 1470 1037; x_wconf 86' lang='lat' dir='ltr'>pecu·</span> 
     </span>
     <span class='ocr_line' id='line_1_6' title="bbox 404 1051 1467 1148; baseline -0.002 -29"><span class='ocrx_word' id='word_1_37' title='bbox 404 1051 495 1120; x_wconf 86' lang='lat' dir='ltr'>niam</span> <span class='ocrx_word' id='word_1_38' title='bbox 515 1051 577 1120; x_wconf 90' lang='lat' dir='ltr'>dea</span> <span class='ocrx_word' id='word_1_39' title='bbox 598 1051 744 1145; x_wconf 85' lang='lat' dir='ltr'>ejusdem</span> <span class='ocrx_word' id='word_1_40' title='bbox 770 1067 901 1124; x_wconf 86' lang='lat' dir='ltr'>senatus</span> <span class='ocrx_word' id='word_1_41' title='bbox 923 1053 1078 1148; x_wconf 83' lang='lat' dir='ltr'>irnperio,</span> <span class='ocrx_word' id='word_1_42' title='bbox 1102 1067 1136 1121; x_wconf 89' lang='lat' dir='ltr'>et</span> <span class='ocrx_word' id='word_1_43' title='bbox 1154 1051 1287 1145; x_wconf 88' lang='lat' dir='ltr'>quidem</span> <span class='ocrx_word' id='word_1_44' title='bbox 1304 1073 1467 1120; x_wconf 80' lang='lat' dir='ltr'>summam</span> 
     </span>
     <span class='ocr_line' id='line_1_7' title="bbox 407 1155 861 1253; baseline 0 -28"><span class='ocrx_word' id='word_1_45' title='bbox 407 1155 625 1252; x_wconf 86' lang='lat' dir='ltr'>duplicando,</span> <span class='ocrx_word' id='word_1_46' title='bbox 647 1161 861 1253; x_wconf 86' lang='lat' dir='ltr'>recuperavit.</span> 
     </span>
    </p>
   </div>
   <div class='ocr_carea' id='block_1_3' title="bbox 375 1371 1444 1524">
    <p class='ocr_par' dir='ltr' id='par_1_3' title="bbox 375 1371 1444 1524">
     <span class='ocr_line' id='line_1_8' title="bbox 375 1371 1444 1444; baseline 0 -18"><span class='ocrx_word' id='word_1_47' title='bbox 375 1435 380 1444; x_wconf 37' lang='lat'>¹</span> <span class='ocrx_word' id='word_1_48' title='bbox 432 1373 626 1428; x_wconf 78' lang='lat' dir='ltr'><strong>EXTERNA</strong></span> <span class='ocrx_word' id='word_1_49' title='bbox 647 1373 840 1428; x_wconf 75' lang='lat' dir='ltr'><strong>EXEMPLA</strong></span> <span class='ocrx_word' id='word_1_50' title='bbox 865 1374 1102 1428; x_wconf 75' lang='lat' dir='ltr'>oesEuvtTAE</span> <span class='ocrx_word' id='word_1_51' title='bbox 1117 1371 1197 1428; x_wconf 77' lang='lat' dir='ltr'>VEL</span> <span class='ocrx_word' id='word_1_52' title='bbox 1217 1373 1444 1428; x_wconf 69' lang='lat' dir='ltr'>tinctum</span> 
     </span>
     <span class='ocr_line' id='line_1_9' title="bbox 814 1469 1064 1524; baseline -0.004 0"><span class='ocrx_word' id='word_1_53' title='bbox 814 1469 1064 1524; x_wconf 81' lang='lat' dir='ltr'><strong>RELIGIONIS.</strong></span> 
     </span>
    </p>
   </div>
   <div class='ocr_carea' id='block_1_4' title="bbox 407 1631 1470 2158">
    <p class='ocr_par' dir='ltr' id='par_1_4' title="bbox 407 1631 1470 2158">
     <span class='ocr_line' id='line_1_10' title="bbox 467 1631 1469 1732; baseline -0.005 -25"><span class='ocrx_word' id='word_1_54' title='bbox 467 1664 496 1708; x_wconf 90' lang='lat'>1.</span> <span class='ocrx_word' id='word_1_55' title='bbox 516 1639 618 1730; x_wconf 82' lang='lat' dir='ltr'>Quae,</span> <span class='ocrx_word' id='word_1_56' title='bbox 631 1637 721 1732; x_wconf 91' lang='lat' dir='ltr'>quod</span> <span class='ocrx_word' id='word_1_57' title='bbox 734 1637 776 1706; x_wconf 88' lang='lat' dir='ltr'>ad</span> <span class='ocrx_word' id='word_1_58' title='bbox 789 1631 939 1706; x_wconf 87' lang='lat' dir='ltr'>Pleminii</span> <span class='ocrx_word' id='word_1_59' title='bbox 953 1633 1079 1704; x_wconf 85' lang='lat' dir='ltr'>facinus</span> <span class='ocrx_word' id='word_1_60' title='bbox 1092 1638 1265 1730; x_wconf 84' lang='lat' dir='ltr'>pertinuit,</span> <span class='ocrx_word' id='word_1_61' title='bbox 1280 1635 1364 1704; x_wconf 88' lang='lat' dir='ltr'>bene</span> <span class='ocrx_word' id='word_1_62' title='bbox 1382 1659 1469 1729; x_wconf 90' lang='lat' dir='ltr'>apa·</span> 
     </span>
     <span class='ocr_line' id='line_1_11' title="bbox 407 1740 1466 1840; baseline -0.008 -24"><span class='ocrx_word' id='word_1_63' title='bbox 407 1745 515 1816; x_wconf 84' lang='lat' dir='ltr'>tribus</span> <span class='ocrx_word' id='word_1_64' title='bbox 535 1746 729 1840; x_wconf 86' lang='lat' dir='ltr'>conscriptis</span> <span class='ocrx_word' id='word_1_65' title='bbox 747 1740 929 1814; x_wconf 88' lang='lat' dir='ltr'>vindicata¹</span> <span class='ocrx_word' id='word_1_66' title='bbox 949 1756 998 1812; x_wconf 89' lang='lat' dir='ltr'>est</span> <span class='ocrx_word' id='word_1_67' title='bbox 1012 1767 1018 1809; x_wconf 92' lang='lat'><strong>:</strong></span> <span class='ocrx_word' id='word_1_68' title='bbox 1034 1742 1123 1836; x_wconf 93' lang='lat' dir='ltr'>quod</span> <span class='ocrx_word' id='word_1_69' title='bbox 1141 1741 1183 1812; x_wconf 89' lang='lat' dir='ltr'>ad</span> <span class='ocrx_word' id='word_1_70' title='bbox 1202 1740 1360 1812; x_wconf 87' lang='lat' dir='ltr'>violentas</span> <span class='ocrx_word' id='word_1_71' title='bbox 1381 1743 1466 1834; x_wconf 84' lang='lat' dir='ltr'>regis</span> 
     </span>
     <span class='ocr_line' id='line_1_12' title="bbox 410 1845 1467 1946; baseline -0.005 -26"><span class='ocrx_word' id='word_1_72' title='bbox 410 1850 546 1946; x_wconf 77' lang='lat' dir='ltr'>Pyrrbi&#39;</span> <span class='ocrx_word' id='word_1_73' title='bbox 566 1850 680 1922; x_wconf 89' lang='lat' dir='ltr'>sordes</span> <span class='ocrx_word' id='word_1_74' title='bbox 698 1852 892 1938; x_wconf 82' lang='lat' dir='ltr'>attinuerat,</span> <span class='ocrx_word' id='word_1_75' title='bbox 911 1873 944 1918; x_wconf 90' lang='lat' dir='ltr'>se</span> <span class='ocrx_word' id='word_1_76' title='bbox 962 1850 1066 1944; x_wconf 84' lang='lat' dir='ltr'>ipsam</span> <span class='ocrx_word' id='word_1_77' title='bbox 1082 1861 1234 1942; x_wconf 86' lang='lat' dir='ltr'>potenter</span> <span class='ocrx_word' id='word_1_78' title='bbox 1247 1862 1346 1942; x_wconf 86' lang='lat' dir='ltr'>atque</span> <span class='ocrx_word' id='word_1_79' title='bbox 1358 1845 1467 1916; x_wconf 86' lang='lat' dir='ltr'>effica-</span> 
     </span>
     <span class='ocr_line' id='line_1_13' title="bbox 410 1939 1468 2027; baseline -0.005 0"><span class='ocrx_word' id='word_1_80' title='bbox 410 1959 492 2027; x_wconf 85' lang='lat' dir='ltr'>citer</span> <span class='ocrx_word' id='word_1_81' title='bbox 511 1958 573 2027; x_wconf 83' lang='lat' dir='ltr'>dea</span> <span class='ocrx_word' id='word_1_82' title='bbox 586 1957 741 2027; x_wconf 83' lang='lat' dir='ltr'>defendit.</span> <span class='ocrx_word' id='word_1_83' title='bbox 758 1958 890 2027; x_wconf 78' lang='lat' dir='ltr'>Coactis</span> <span class='ocrx_word' id='word_1_84' title='bbox 906 1957 993 2025; x_wconf 87' lang='lat' dir='ltr'>enirn</span> <span class='ocrx_word' id='word_1_85' title='bbox 1010 1955 1229 2024; x_wconf 87' lang='lat' dir='ltr'>Locrensibus</span> <span class='ocrx_word' id='word_1_86' title='bbox 1242 1979 1282 2022; x_wconf 83' lang='lat' dir='ltr'>cx</span> <span class='ocrx_word' id='word_1_87' title='bbox 1297 1939 1468 2022; x_wconf 76' lang='lat' dir='ltr'>thesauro³</span> 
     </span>
     <span class='ocr_line' id='line_1_14' title="bbox 411 2059 1470 2158; baseline -0.004 -26"><span class='ocrx_word' id='word_1_88' title='bbox 411 2063 481 2156; x_wconf 81' lang='lat' dir='ltr'>ejus</span> <span class='ocrx_word' id='word_1_89' title='bbox 502 2088 656 2158; x_wconf 79' lang='lat' dir='ltr'>magnam</span> <span class='ocrx_word' id='word_1_90' title='bbox 678 2063 723 2134; x_wconf 86' lang='lat' dir='ltr'>illi</span> <span class='ocrx_word' id='word_1_91' title='bbox 749 2063 924 2156; x_wconf 87' lang='lat' dir='ltr'>pecuniam</span> <span class='ocrx_word' id='word_1_92' title='bbox 943 2061 1040 2149; x_wconf 88' lang='lat' dir='ltr'>dare,</span> <span class='ocrx_word' id='word_1_93' title='bbox 1065 2087 1167 2156; x_wconf 86' lang='lat' dir='ltr'>quum</span> <span class='ocrx_word' id='word_1_94' title='bbox 1186 2075 1323 2130; x_wconf 91' lang='lat' dir='ltr'>onustus</span> <span class='ocrx_word' id='word_1_95' title='bbox 1349 2059 1470 2132; x_wconf 80' lang='lat' dir='ltr'>nefaria</span> 
     </span>
    </p>
   </div>
   <div class='ocr_carea' id='block_1_5' title="bbox 413 2261 1478 3528">
    <p class='ocr_par' dir='ltr' id='par_1_5' title="bbox 413 2261 1478 3528">
     <span class='ocr_line' id='line_1_15' title="bbox 413 2261 1469 2335; baseline -0.003 -17"><span class='ocrx_word' id='word_1_96' title='bbox 413 2261 920 2334; x_wconf 65' lang='lat' dir='ltr'>nediripuitQuumetimintribunos</span> <span class='ocrx_word' id='word_1_97' title='bbox 1006 2281 1031 2315; x_wconf 80' lang='lat' dir='ltr'>a.</span> <span class='ocrx_word' id='word_1_98' title='bbox 1048 2263 1147 2335; x_wconf 60' lang='lat' dir='ltr'>Pyrrhi.</span> <span class='ocrx_word' id='word_1_99' title='bbox 1164 2262 1282 2334; x_wconf 81' lang='lat' dir='ltr'>Pyrrhus</span> <span class='ocrx_word' id='word_1_100' title='bbox 1297 2261 1412 2316; x_wconf 80' lang='lat' dir='ltr'>eSioiiia</span> <span class='ocrx_word' id='word_1_101' title='bbox 1430 2278 1469 2315; x_wconf 86' lang='lat' dir='ltr'>re·</span> 
     </span>
     <span class='ocr_line' id='line_1_16' title="bbox 414 2340 1470 2414; baseline -0.004 -18"><span class='ocrx_word' id='word_1_102' title='bbox 414 2343 539 2398; x_wconf 78' lang='lat' dir='ltr'>omnibus</span> <span class='ocrx_word' id='word_1_103' title='bbox 552 2341 687 2414; x_wconf 81' lang='lat' dir='ltr'>suppliciis</span> <span class='ocrx_word' id='word_1_104' title='bbox 702 2341 839 2408; x_wconf 68' lang='lat' dir='ltr'>seviunt,</span> <span class='ocrx_word' id='word_1_105' title='bbox 851 2353 920 2394; x_wconf 81' lang='lat' dir='ltr'>cate·</span> <span class='ocrx_word' id='word_1_106' title='bbox 964 2340 1052 2406; x_wconf 79' lang='lat' dir='ltr'>diens,</span> <span class='ocrx_word' id='word_1_107' title='bbox 1060 2343 1196 2396; x_wconf 76' lang='lat' dir='ltr'>thesauros</span> <span class='ocrx_word' id='word_1_108' title='bbox 1206 2343 1371 2414; x_wconf 71' lang='lat' dir='ltr'>horerpine</span> <span class='ocrx_word' id='word_1_109' title='bbox 1381 2342 1470 2395; x_wconf 78' lang='lat' dir='ltr'>Locris</span> 
     </span>
     <span class='ocr_line' id='line_1_17' title="bbox 414 2421 1469 2493; baseline -0.001 -18"><span class='ocrx_word' id='word_1_110' title='bbox 414 2421 457 2476; x_wconf 81' lang='lat' dir='ltr'>uie</span> <span class='ocrx_word' id='word_1_111' title='bbox 471 2421 590 2474; x_wconf 81' lang='lat' dir='ltr'>vinetum</span> <span class='ocrx_word' id='word_1_112' title='bbox 603 2423 714 2474; x_wconf 78' lang='lat' dir='ltr'>Romam</span> <span class='ocrx_word' id='word_1_113' title='bbox 732 2434 845 2474; x_wconf 78' lang='lat' dir='ltr'>tractum</span> <span class='ocrx_word' id='word_1_114' title='bbox 861 2421 922 2473; x_wconf 77' lang='lat' dir='ltr'>inie-</span> <span class='ocrx_word' id='word_1_115' title='bbox 964 2421 1075 2474; x_wconf 65' lang='lat' dir='ltr'>hunos</span> <span class='ocrx_word' id='word_1_116' title='bbox 1090 2421 1177 2476; x_wconf 82' lang='lat' dir='ltr'>adhue</span> <span class='ocrx_word' id='word_1_117' title='bbox 1189 2423 1322 2493; x_wconf 81' lang='lat' dir='ltr'>spoliarit,</span> <span class='ocrx_word' id='word_1_118' title='bbox 1332 2433 1414 2492; x_wconf 77' lang='lat' dir='ltr'>etque</span> <span class='ocrx_word' id='word_1_119' title='bbox 1424 2440 1469 2492; x_wconf 88' lang='lat' dir='ltr'>pe·</span> 
     </span>
     <span class='ocr_line' id='line_1_18' title="bbox 415 2501 1470 2573; baseline -0.002 -17"><span class='ocrx_word' id='word_1_120' title='bbox 415 2519 444 2556; x_wconf 83' lang='lat' dir='ltr'>ee</span> <span class='ocrx_word' id='word_1_121' title='bbox 455 2501 552 2555; x_wconf 70' lang='lat' dir='ltr'>tenne</span> <span class='ocrx_word' id='word_1_122' title='bbox 565 2532 605 2546; x_wconf 88' lang='lat'>-</span> <span class='ocrx_word' id='word_1_123' title='bbox 622 2501 751 2553; x_wconf 81' lang='lat' dir='ltr'>Tetem&#39;mo</span> <span class='ocrx_word' id='word_1_124' title='bbox 760 2519 845 2570; x_wconf 73' lang='lat' dir='ltr'>genere</span> <span class='ocrx_word' id='word_1_125' title='bbox 858 2519 921 2551; x_wconf 62' lang='lat' dir='ltr'>nui·</span> <span class='ocrx_word' id='word_1_126' title='bbox 965 2501 1043 2554; x_wconf 81' lang='lat' dir='ltr'>cunia</span> <span class='ocrx_word' id='word_1_127' title='bbox 1058 2501 1086 2554; x_wconf 88' lang='lat' dir='ltr'>in</span> <span class='ocrx_word' id='word_1_128' title='bbox 1096 2519 1175 2554; x_wconf 81' lang='lat' dir='ltr'>naves</span> <span class='ocrx_word' id='word_1_129' title='bbox 1188 2502 1391 2573; x_wconf 77' lang='lat' dir='ltr'>imposita‚ipee</span> <span class='ocrx_word' id='word_1_130' title='bbox 1404 2512 1470 2554; x_wconf 81' lang='lat' dir='ltr'>terra</span> 
     </span>
     <span class='ocr_line' id='line_1_19' title="bbox 415 2579 1472 2652; baseline 0 -20"><span class='ocrx_word' id='word_1_131' title='bbox 415 2580 452 2641; x_wconf 82' lang='lat' dir='ltr'>tt,</span> <span class='ocrx_word' id='word_1_132' title='bbox 468 2597 565 2651; x_wconf 81' lang='lat' dir='ltr'>nempe</span> <span class='ocrx_word' id='word_1_133' title='bbox 578 2579 738 2652; x_wconf 60' lang='lat' dir='ltr'>pedredan,</span> <span class='ocrx_word' id='word_1_134' title='bbox 754 2591 784 2632; x_wconf 93' lang='lat' dir='ltr'>ut</span> <span class='ocrx_word' id='word_1_135' title='bbox 799 2579 922 2634; x_wconf 78' lang='lat' dir='ltr'>nonnulli</span> <span class='ocrx_word' id='word_1_136' title='bbox 965 2593 1005 2634; x_wconf 83' lang='lat' dir='ltr'>est</span> <span class='ocrx_word' id='word_1_137' title='bbox 1015 2581 1157 2651; x_wconf 79' lang='lat' dir='ltr'>proiectus.</span> <span class='ocrx_word' id='word_1_138' title='bbox 1168 2582 1262 2634; x_wconf 75' lang='lat' dir='ltr'>Classis</span> <span class='ocrx_word' id='word_1_139' title='bbox 1271 2594 1358 2633; x_wconf 84' lang='lat' dir='ltr'>autern</span> <span class='ocrx_word' id='word_1_140' title='bbox 1366 2593 1472 2652; x_wconf 85' lang='lat' dir='ltr'>postero</span> 
     </span>
     <span class='ocr_line' id='line_1_20' title="bbox 415 2658 1473 2730; baseline -0.003 -16"><span class='ocrx_word' id='word_1_141' title='bbox 415 2669 579 2726; x_wconf 79' lang='lat' dir='ltr'>memorant,</span> <span class='ocrx_word' id='word_1_142' title='bbox 592 2673 746 2714; x_wconf 80' lang='lat' dir='ltr'>consumtus</span> <span class='ocrx_word' id='word_1_143' title='bbox 760 2673 807 2713; x_wconf 82' lang='lat' dir='ltr'>est.</span> <span class='ocrx_word' id='word_1_144' title='bbox 819 2659 873 2712; x_wconf 81' lang='lat' dir='ltr'>ttttt</span> <span class='ocrx_word' id='word_1_145' title='bbox 884 2659 922 2710; x_wconf 88' lang='lat' dir='ltr'>le·</span> <span class='ocrx_word' id='word_1_146' title='bbox 965 2658 1010 2712; x_wconf 86' lang='lat' dir='ltr'>die</span> <span class='ocrx_word' id='word_1_147' title='bbox 1026 2659 1166 2714; x_wconf 68' lang='lat' dir='ltr'>fedissimi</span> <span class='ocrx_word' id='word_1_148' title='bbox 1188 2671 1341 2730; x_wconf 71' lang='lat' dir='ltr'>tempestate</span> <span class='ocrx_word' id='word_1_149' title='bbox 1362 2661 1473 2712; x_wconf 69' lang='lat' dir='ltr'>lacerate</span> 
     </span>
     <span class='ocr_line' id='line_1_21' title="bbox 416 2737 1474 2812; baseline 0 -21"><span class='ocrx_word' id='word_1_150' title='bbox 416 2749 497 2808; x_wconf 73' lang='lat' dir='ltr'>punt:</span> <span class='ocrx_word' id='word_1_151' title='bbox 504 2758 590 2809; x_wconf 71' lang='lat' dir='ltr'>genere</span> <span class='ocrx_word' id='word_1_152' title='bbox 600 2744 690 2792; x_wconf 78' lang='lat' dir='ltr'>morn&#39;r.</span> <span class='ocrx_word' id='word_1_153' title='bbox 700 2737 783 2792; x_wconf 87' lang='lat' dir='ltr'>Ludis</span> <span class='ocrx_word' id='word_1_154' title='bbox 795 2739 923 2792; x_wconf 80' lang='lat' dir='ltr'>enimvo-</span> <span class='ocrx_word' id='word_1_155' title='bbox 965 2739 1033 2803; x_wconf 81' lang='lat' dir='ltr'>fait,</span> <span class='ocrx_word' id='word_1_156' title='bbox 1050 2753 1076 2793; x_wconf 88' lang='lat' dir='ltr'>et</span> <span class='ocrx_word' id='word_1_157' title='bbox 1090 2757 1185 2806; x_wconf 77' lang='lat' dir='ltr'>naves,</span> <span class='ocrx_word' id='word_1_158' title='bbox 1205 2757 1375 2812; x_wconf 70' lang='lat' dir='ltr'>questurum</span> <span class='ocrx_word' id='word_1_159' title='bbox 1397 2757 1474 2810; x_wconf 83' lang='lat' dir='ltr'>pecu·</span> 
     </span>
     <span class='ocr_line' id='line_1_22' title="bbox 416 2817 1474 2891; baseline 0.001 -21"><span class='ocrx_word' id='word_1_160' title='bbox 416 2817 491 2886; x_wconf 77' lang='lat' dir='ltr'>rivis,</span> <span class='ocrx_word' id='word_1_161' title='bbox 501 2837 568 2891; x_wconf 83' lang='lat' dir='ltr'>quos</span> <span class='ocrx_word' id='word_1_162' title='bbox 575 2821 666 2873; x_wconf 79' lang='lat' dir='ltr'>Rome</span> <span class='ocrx_word' id='word_1_163' title='bbox 677 2820 815 2874; x_wconf 69' lang='lat' dir='ltr'>Africanus</span> <span class='ocrx_word' id='word_1_164' title='bbox 826 2819 924 2872; x_wconf 79' lang='lat' dir='ltr'>iterum</span> <span class='ocrx_word' id='word_1_165' title='bbox 966 2820 1039 2871; x_wconf 76' lang='lat' dir='ltr'>nitur</span> <span class='ocrx_word' id='word_1_166' title='bbox 1056 2817 1194 2884; x_wconf 80' lang='lat' dir='ltr'>ferebant,</span> <span class='ocrx_word' id='word_1_167' title='bbox 1210 2820 1237 2872; x_wconf 87' lang='lat' dir='ltr'>in</span> <span class='ocrx_word' id='word_1_168' title='bbox 1255 2819 1344 2872; x_wconf 77' lang='lat' dir='ltr'>littore</span> <span class='ocrx_word' id='word_1_169' title='bbox 1360 2819 1474 2871; x_wconf 70' lang='lat' dir='ltr'>Locren</span> 
     </span>
     <span class='ocr_line' id='line_1_23' title="bbox 416 2896 1474 2970; baseline -0.002 -18"><span class='ocrx_word' id='word_1_170' title='bbox 416 2899 508 2952; x_wconf 80' lang='lat' dir='ltr'>consul</span> <span class='ocrx_word' id='word_1_171' title='bbox 528 2899 602 2963; x_wconf 77' lang='lat' dir='ltr'>fecit,</span> <span class='ocrx_word' id='word_1_172' title='bbox 624 2901 710 2953; x_wconf 84' lang='lat' dir='ltr'>conati</span> <span class='ocrx_word' id='word_1_173' title='bbox 727 2911 790 2952; x_wconf 79' lang='lat' dir='ltr'>ruat</span> <span class='ocrx_word' id='word_1_174' title='bbox 801 2896 923 2970; x_wconf 78' lang='lat' dir='ltr'>qtn&#39;dam,</span> <span class='ocrx_word' id='word_1_175' title='bbox 967 2899 1005 2951; x_wconf 84' lang='lat' dir='ltr'>eit</span> <span class='ocrx_word' id='word_1_176' title='bbox 1020 2911 1082 2952; x_wconf 84' lang='lat' dir='ltr'>eunt</span> <span class='ocrx_word' id='word_1_177' title='bbox 1099 2911 1217 2952; x_wconf 83' lang='lat' dir='ltr'>revecte.</span> <span class='ocrx_word' id='word_1_178' title='bbox 1237 2899 1366 2951; x_wconf 69' lang='lat' dir='ltr'>Referunt</span> <span class='ocrx_word' id='word_1_179' title='bbox 1378 2899 1474 2965; x_wconf 79' lang='lat' dir='ltr'>etiarn,</span> 
     </span>
     <span class='ocr_line' id='line_1_24' title="bbox 417 2974 1477 3051; baseline -0.001 -19"><span class='ocrx_word' id='word_1_180' title='bbox 417 2995 484 3048; x_wconf 74' lang='lat' dir='ltr'>quos</span> <span class='ocrx_word' id='word_1_181' title='bbox 505 2979 650 3033; x_wconf 82' lang='lat' dir='ltr'>Pleminius</span> <span class='ocrx_word' id='word_1_182' title='bbox 669 2981 779 3051; x_wconf 66' lang='lat' dir='ltr'>peouffie</span> <span class='ocrx_word' id='word_1_183' title='bbox 798 2995 925 3049; x_wconf 84' lang='lat' dir='ltr'>eorrupe·</span> <span class='ocrx_word' id='word_1_184' title='bbox 966 2977 1035 3032; x_wconf 88' lang='lat' dir='ltr'>nihil</span> <span class='ocrx_word' id='word_1_185' title='bbox 1048 2995 1166 3049; x_wconf 78' lang='lat' dir='ltr'>unquam</span> <span class='ocrx_word' id='word_1_186' title='bbox 1179 2991 1272 3050; x_wconf 84' lang='lat' dir='ltr'>postea·</span> <span class='ocrx_word' id='word_1_187' title='bbox 1281 2979 1403 3050; x_wconf 82' lang='lat' dir='ltr'>prosperi</span> <span class='ocrx_word' id='word_1_188' title='bbox 1412 2974 1477 3050; x_wconf 77' lang='lat' dir='ltr'>Pyr·</span> 
     </span>
     <span class='ocr_line' id='line_1_25' title="bbox 417 3055 1476 3129; baseline 0 -20"><span class='ocrx_word' id='word_1_189' title='bbox 417 3059 582 3129; x_wconf 77' lang='lat' dir='ltr'>rat‚eliquot</span> <span class='ocrx_word' id='word_1_190' title='bbox 592 3059 656 3114; x_wconf 86' lang='lat' dir='ltr'>locis</span> <span class='ocrx_word' id='word_1_191' title='bbox 667 3061 760 3112; x_wconf 78' lang='lat' dir='ltr'>urbem</span> <span class='ocrx_word' id='word_1_192' title='bbox 770 3055 923 3119; x_wconf 82' lang='lat' dir='ltr'>incendere,</span> <span class='ocrx_word' id='word_1_193' title='bbox 966 3059 1019 3112; x_wconf 83' lang='lat' dir='ltr'>rho</span> <span class='ocrx_word' id='word_1_194' title='bbox 1037 3059 1162 3110; x_wconf 77' lang='lat' dir='ltr'>evenisse.</span> <span class='ocrx_word' id='word_1_195' title='bbox 1184 3057 1278 3110; x_wconf 79' lang='lat' dir='ltr'>Pulsus</span> <span class='ocrx_word' id='word_1_196' title='bbox 1299 3058 1476 3122; x_wconf 65' lang='lat' dir='ltr'>estulentis,</span> 
     </span>
     <span class='ocr_line' id='line_1_26' title="bbox 417 3135 1478 3210; baseline -0.001 -20"><span class='ocrx_word' id='word_1_197' title='bbox 417 3135 594 3208; x_wconf 75' lang='lat' dir='ltr'>utirangendi</span> <span class='ocrx_word' id='word_1_198' title='bbox 601 3136 926 3210; x_wconf 74' lang='lat' dir='ltr'>carcerisatifugiendique</span> <span class='ocrx_word' id='word_1_199' title='bbox 969 3151 1068 3192; x_wconf 84' lang='lat' dir='ltr'>temere</span> <span class='ocrx_word' id='word_1_200' title='bbox 1082 3149 1160 3190; x_wconf 87' lang='lat' dir='ltr'>nocte</span> <span class='ocrx_word' id='word_1_201' title='bbox 1176 3138 1306 3209; x_wconf 77' lang='lat' dir='ltr'>ingrersus</span> <span class='ocrx_word' id='word_1_202' title='bbox 1321 3141 1422 3208; x_wconf 61' lang='lat' dir='ltr'>Arpos,</span> <span class='ocrx_word' id='word_1_203' title='bbox 1437 3138 1478 3189; x_wconf 85' lang='lat' dir='ltr'>in·</span> 
     </span>
     <span class='ocr_line' id='line_1_27' title="bbox 417 3215 1475 3276; baseline -0.002 -6"><span class='ocrx_word' id='word_1_204' title='bbox 417 3215 528 3270; x_wconf 76' lang='lat' dir='ltr'>haberat</span> <span class='ocrx_word' id='word_1_205' title='bbox 549 3217 707 3272; x_wconf 78' lang='lat' dir='ltr'>ieodltatem.</span> <span class='ocrx_word' id='word_1_206' title='bbox 731 3219 863 3272; x_wconf 76' lang='lat' dir='ltr'>Petetrcto</span> <span class='ocrx_word' id='word_1_207' title='bbox 880 3235 926 3270; x_wconf 83' lang='lat' dir='ltr'>au·</span> <span class='ocrx_word' id='word_1_208' title='bbox 969 3219 1080 3270; x_wconf 81' lang='lat' dir='ltr'>honesta</span> <span class='ocrx_word' id='word_1_209' title='bbox 1090 3229 1176 3270; x_wconf 85' lang='lat' dir='ltr'>morte</span> <span class='ocrx_word' id='word_1_210' title='bbox 1189 3217 1320 3270; x_wconf 82' lang='lat' dir='ltr'>occubuit.</span> <span class='ocrx_word' id='word_1_211' title='bbox 1332 3215 1475 3276; x_wconf 59' lang='lat' dir='ltr'>—Sorden</span> 
     </span>
     <span class='ocr_line' id='line_1_28' title="bbox 417 3295 1478 3368; baseline -0.002 -18"><span class='ocrx_word' id='word_1_212' title='bbox 417 3307 472 3350; x_wconf 86' lang='lat' dir='ltr'>tem</span> <span class='ocrx_word' id='word_1_213' title='bbox 485 3297 597 3364; x_wconf 82' lang='lat' dir='ltr'>scelere,</span> <span class='ocrx_word' id='word_1_214' title='bbox 613 3315 644 3350; x_wconf 86' lang='lat' dir='ltr'>ex</span> <span class='ocrx_word' id='word_1_215' title='bbox 663 3297 713 3352; x_wconf 88' lang='lat' dir='ltr'>SC.</span> <span class='ocrx_word' id='word_1_216' title='bbox 729 3298 758 3350; x_wconf 87' lang='lat' dir='ltr'>in</span> <span class='ocrx_word' id='word_1_217' title='bbox 773 3297 927 3350; x_wconf 68' lang='lat' dir='ltr'>Tullianum</span> <span class='ocrx_word' id='word_1_218' title='bbox 970 3295 999 3350; x_wconf 89' lang='lat' dir='ltr'>id</span> <span class='ocrx_word' id='word_1_219' title='bbox 1014 3309 1068 3364; x_wconf 83' lang='lat' dir='ltr'>est,</span> <span class='ocrx_word' id='word_1_220' title='bbox 1091 3297 1242 3360; x_wconf 81' lang='lat' dir='ltr'>avaritiam,</span> <span class='ocrx_word' id='word_1_221' title='bbox 1262 3298 1324 3368; x_wconf 80' lang='lat' dir='ltr'>quia</span> <span class='ocrx_word' id='word_1_222' title='bbox 1344 3296 1412 3349; x_wconf 82' lang='lat' dir='ltr'>nihil</span> <span class='ocrx_word' id='word_1_223' title='bbox 1428 3296 1478 3349; x_wconf 82' lang='lat' dir='ltr'>ho·</span> 
     </span>
     <span class='ocr_line' id='line_1_29' title="bbox 416 3375 1477 3446; baseline 0 -18"><span class='ocrx_word' id='word_1_224' title='bbox 416 3375 928 3440; x_wconf 78' lang='lat' dir='ltr'>ninierioremcerceremertdetr&#39;ueru,</span> <span class='ocrx_word' id='word_1_225' title='bbox 970 3377 1070 3430; x_wconf 83' lang='lat' dir='ltr'>minem</span> <span class='ocrx_word' id='word_1_226' title='bbox 1091 3375 1180 3430; x_wconf 88' lang='lat' dir='ltr'>reddit</span> <span class='ocrx_word' id='word_1_227' title='bbox 1194 3375 1386 3442; x_wconf 77' lang='lat' dir='ltr'>sordidiorem,</span> <span class='ocrx_word' id='word_1_228' title='bbox 1399 3392 1477 3446; x_wconf 77' lang='lat' dir='ltr'>quani</span> 
     </span>
     <span class='ocr_line' id='line_1_30' title="bbox 418 3455 1089 3528; baseline 0 -20"><span class='ocrx_word' id='word_1_229' title='bbox 418 3455 550 3528; x_wconf 83' lang='lat' dir='ltr'>ubiprius</span> <span class='ocrx_word' id='word_1_230' title='bbox 565 3455 720 3510; x_wconf 76' lang='lat' dir='ltr'>{avinculis</span> <span class='ocrx_word' id='word_1_231' title='bbox 736 3469 776 3510; x_wconf 84' lang='lat' dir='ltr'>est</span> <span class='ocrx_word' id='word_1_232' title='bbox 788 3467 928 3520; x_wconf 80' lang='lat' dir='ltr'>mortuus,</span> <span class='ocrx_word' id='word_1_233' title='bbox 972 3457 1089 3508; x_wconf 78' lang='lat' dir='ltr'>avaritie.</span> 
     </span>
    </p>
   </div>
   <div class='ocr_carea' id='block_1_6' title="bbox 419 3532 1592 3609">
    <p class='ocr_par' dir='ltr' id='par_1_6' title="bbox 419 3532 1592 3609">
     <span class='ocr_line' id='line_1_31' title="bbox 419 3532 1592 3609; baseline 0.003 -23"><span class='ocrx_word' id='word_1_234' title='bbox 419 3551 499 3603; x_wconf 87' lang='lat' dir='ltr'>quam</span> <span class='ocrx_word' id='word_1_235' title='bbox 517 3535 550 3589; x_wconf 90' lang='lat' dir='ltr'>de</span> <span class='ocrx_word' id='word_1_236' title='bbox 566 3555 598 3590; x_wconf 94' lang='lat' dir='ltr'>eo</span> <span class='ocrx_word' id='word_1_237' title='bbox 611 3537 704 3609; x_wconf 88' lang='lat' dir='ltr'>populi</span> <span class='ocrx_word' id='word_1_238' title='bbox 722 3535 853 3607; x_wconf 86' lang='lat' dir='ltr'>judicium</span> <span class='ocrx_word' id='word_1_239' title='bbox 867 3551 929 3606; x_wconf 86' lang='lat' dir='ltr'>per·</span> <span class='ocrx_word' id='word_1_240' title='bbox 1015 3536 1040 3588; x_wconf 82' lang='lat'>3.</span> <span class='ocrx_word' id='word_1_241' title='bbox 1055 3535 1337 3588; x_wconf 65' lang='lat' dir='ltr'>Ttaamffhemms</span> <span class='ocrx_word' id='word_1_242' title='bbox 1344 3532 1479 3586; x_wconf 86' lang='lat' dir='ltr'>interdum</span> <span class='ocrx_word' id='word_1_243' title='bbox 1591 3581 1592 3590; x_wconf 69' lang='grc'>,</span> 
     </span>
    </p>
   </div>
   <div class='ocr_carea' id='block_1_7' title="bbox 419 3612 1483 4238">
    <p class='ocr_par' dir='ltr' id='par_1_7' title="bbox 419 3612 1481 3844">
     <span class='ocr_line' id='line_1_32' title="bbox 419 3612 1480 3685; baseline 0.001 -20"><span class='ocrx_word' id='word_1_244' title='bbox 419 3612 606 3671; x_wconf 77' lang='lat' dir='ltr'>ferretur.Vid</span> <span class='ocrx_word' id='word_1_245' title='bbox 615 3615 736 3685; x_wconf 76' lang='lat' dir='ltr'>ttvium,</span> <span class='ocrx_word' id='word_1_246' title='bbox 746 3615 876 3680; x_wconf 82' lang='lat' dir='ltr'>xxvnt,</span> <span class='ocrx_word' id='word_1_247' title='bbox 893 3633 927 3682; x_wconf 86' lang='lat'>¹9</span> <span class='ocrx_word' id='word_1_248' title='bbox 973 3625 1012 3667; x_wconf 82' lang='lat' dir='ltr'>ert</span> <span class='ocrx_word' id='word_1_249' title='bbox 1025 3614 1080 3685; x_wconf 86' lang='lat' dir='ltr'>ipse</span> <span class='ocrx_word' id='word_1_250' title='bbox 1093 3615 1181 3680; x_wconf 84' lang='lat' dir='ltr'>locus,</span> <span class='ocrx_word' id='word_1_251' title='bbox 1201 3615 1228 3666; x_wconf 85' lang='lat' dir='ltr'>in</span> <span class='ocrx_word' id='word_1_252' title='bbox 1243 3630 1299 3684; x_wconf 81' lang='lat' dir='ltr'>quo</span> <span class='ocrx_word' id='word_1_253' title='bbox 1314 3625 1480 3666; x_wconf 77' lang='lat' dir='ltr'>asserventur</span> 
     </span>
     <span class='ocr_line' id='line_1_33' title="bbox 419 3692 1480 3765; baseline -0.002 -19"><span class='ocrx_word' id='word_1_254' title='bbox 419 3695 927 3763; x_wconf 70' lang='lat' dir='ltr'>-22;ttxx1,12;tttrX1V‚ss.</span> <span class='ocrx_word' id='word_1_255' title='bbox 973 3693 1080 3748; x_wconf 75' lang='lat' dir='ltr'>divitiae.</span> <span class='ocrx_word' id='word_1_256' title='bbox 1096 3693 1139 3747; x_wconf 90' lang='lat' dir='ltr'>Sic</span> <span class='ocrx_word' id='word_1_257' title='bbox 1150 3704 1176 3746; x_wconf 89' lang='lat' dir='ltr'>et</span> <span class='ocrx_word' id='word_1_258' title='bbox 1191 3711 1271 3765; x_wconf 80' lang='lat' dir='ltr'>apum</span> <span class='ocrx_word' id='word_1_259' title='bbox 1289 3692 1402 3745; x_wconf 71' lang='lat' dir='ltr'>alvearia</span> <span class='ocrx_word' id='word_1_260' title='bbox 1422 3693 1480 3745; x_wconf 82' lang='lat' dir='ltr'>tire-</span> 
     </span>
     <span class='ocr_line' id='line_1_34' title="bbox 420 3773 1481 3844; baseline -0.003 -18"><span class='ocrx_word' id='word_1_261' title='bbox 420 3774 472 3826; x_wconf 75' lang='lat' dir='ltr'>An.</span> <span class='ocrx_word' id='word_1_262' title='bbox 485 3773 520 3825; x_wconf 90' lang='lat' dir='ltr'>U.</span> <span class='ocrx_word' id='word_1_263' title='bbox 537 3775 601 3844; x_wconf 71' lang='lat'>649.</span> <span class='ocrx_word' id='word_1_264' title='bbox 973 3775 1043 3828; x_wconf 68' lang='lat' dir='ltr'>sauri</span> <span class='ocrx_word' id='word_1_265' title='bbox 1062 3783 1209 3839; x_wconf 58' lang='lat' dir='ltr'>uocantum</span> <span class='ocrx_word' id='word_1_266' title='bbox 1225 3781 1275 3826; x_wconf 82' lang='lat' dir='ltr'>‘nec</span> <span class='ocrx_word' id='word_1_267' title='bbox 1293 3788 1348 3825; x_wconf 84' lang='lat' dir='ltr'>non</span> <span class='ocrx_word' id='word_1_268' title='bbox 1373 3785 1481 3824; x_wconf 70' lang='lat' dir='ltr'>annum</span> 
     </span>
    </p>

    <p class='ocr_par' dir='ltr' id='par_1_8' title="bbox 421 3853 1483 4238">
     <span class='ocr_line' id='line_1_35' title="bbox 464 3853 1481 3928; baseline 0 -25"><span class='ocrx_word' id='word_1_269' title='bbox 464 3869 488 3904; x_wconf 83' lang='lat' dir='ltr'>r.</span> <span class='ocrx_word' id='word_1_270' title='bbox 507 3853 647 3908; x_wconf 74' lang='lat' dir='ltr'>Vindicate.</span> <span class='ocrx_word' id='word_1_271' title='bbox 662 3856 738 3928; x_wconf 69' lang='lat' dir='ltr'>Pige.</span> <span class='ocrx_word' id='word_1_272' title='bbox 752 3873 786 3908; x_wconf 83' lang='lat' dir='ltr'>ex</span> <span class='ocrx_word' id='word_1_273' title='bbox 800 3872 853 3908; x_wconf 87' lang='lat' dir='ltr'>uno</span> <span class='ocrx_word' id='word_1_274' title='bbox 869 3853 928 3908; x_wconf 86' lang='lat' dir='ltr'>ond.</span> <span class='ocrx_word' id='word_1_275' title='bbox 973 3873 994 3908; x_wconf 85' lang='lat' dir='ltr'>e.</span> <span class='ocrx_word' id='word_1_276' title='bbox 1009 3871 1119 3910; x_wconf 74' lang='lat' dir='ltr'>caverna</span> <span class='ocrx_word' id='word_1_277' title='bbox 1134 3855 1250 3906; x_wconf 73' lang='lat' dir='ltr'>tiresetui</span> <span class='ocrx_word' id='word_1_278' title='bbox 1265 3853 1373 3905; x_wconf 71' lang='lat' dir='ltr'>nemim</span> <span class='ocrx_word' id='word_1_279' title='bbox 1391 3853 1481 3916; x_wconf 72' lang='lat' dir='ltr'>venit,</span> 
     </span>
     <span class='ocr_line' id='line_1_36' title="bbox 424 3931 1483 4005; baseline 0 -23"><span class='ocrx_word' id='word_1_280' title='bbox 424 3931 500 4000; x_wconf 77' lang='lat' dir='ltr'>Quod</span> <span class='ocrx_word' id='word_1_281' title='bbox 505 3932 598 4004; x_wconf 74' lang='lat' dir='ltr'>quidm</span> <span class='ocrx_word' id='word_1_282' title='bbox 603 3936 801 3992; x_wconf 72' lang='lat' dir='ltr'>-eindt&#39;cetm</span> <span class='ocrx_word' id='word_1_283' title='bbox 812 3936 929 3988; x_wconf 78' lang='lat' dir='ltr'>Frustra.</span> <span class='ocrx_word' id='word_1_284' title='bbox 973 3947 1000 3988; x_wconf 86' lang='lat' dir='ltr'>et</span> <span class='ocrx_word' id='word_1_285' title='bbox 1013 3935 1105 3990; x_wconf 72' lang='lat' dir='ltr'>Greci</span> <span class='ocrx_word' id='word_1_286' title='bbox 1115 3948 1222 4005; x_wconf 77' lang='lat' dir='ltr'>quoque</span> <span class='ocrx_word' id='word_1_287' title='bbox 1232 3931 1381 3986; x_wconf 77' lang='lat' dir='ltr'>conditoria</span> <span class='ocrx_word' id='word_1_288' title='bbox 1393 3935 1483 3988; x_wconf 67' lang='grc' dir='ltr'><strong>θησαν·</strong></span> 
     </span>
     <span class='ocr_line' id='line_1_37' title="bbox 423 4011 1480 4086; baseline -0.001 -23"><span class='ocrx_word' id='word_1_289' title='bbox 423 4011 724 4082; x_wconf 72' lang='lat' dir='ltr'>Qrtepenutettddeam</span> <span class='ocrx_word' id='word_1_290' title='bbox 731 4015 929 4086; x_wconf 79' lang='lat' dir='ltr'>Proserpinam,</span> <span class='ocrx_word' id='word_1_291' title='bbox 973 4016 1026 4086; x_wconf 73' lang='lat' dir='ltr'>pete</span> <span class='ocrx_word' id='word_1_292' title='bbox 1040 4012 1249 4086; x_wconf 82' lang='lat' dir='ltr'>appellent.Vid.</span> <span class='ocrx_word' id='word_1_293' title='bbox 1265 4012 1354 4065; x_wconf 85' lang='lat' dir='ltr'>Grotii</span> <span class='ocrx_word' id='word_1_294' title='bbox 1368 4021 1436 4064; x_wconf 69' lang='lat' dir='ltr'>non.</span> <span class='ocrx_word' id='word_1_295' title='bbox 1453 4011 1480 4062; x_wconf 88' lang='lat' dir='ltr'>in</span> 
     </span>
     <span class='ocr_line' id='line_1_38' title="bbox 422 4091 1480 4163; baseline -0.001 -21"><span class='ocrx_word' id='word_1_296' title='bbox 422 4107 501 4160; x_wconf 76' lang='lat' dir='ltr'>qnam</span> <span class='ocrx_word' id='word_1_297' title='bbox 512 4103 629 4146; x_wconf 67' lang='lat' dir='ltr'>auotora</span> <span class='ocrx_word' id='word_1_298' title='bbox 640 4095 759 4163; x_wconf 72' lang='lat' dir='ltr'>patribus</span> <span class='ocrx_word' id='word_1_299' title='bbox 770 4094 929 4148; x_wconf 69' lang='lat' dir='ltr'>vindicatam</span> <span class='ocrx_word' id='word_1_300' title='bbox 973 4091 1068 4147; x_wconf 70' lang='lat' dir='ltr'>Mettis.</span> <span class='ocrx_word' id='word_1_301' title='bbox 1085 4096 1129 4160; x_wconf 84' lang='grc' dir='ltr'>Π,</span> <span class='ocrx_word' id='word_1_302' title='bbox 1148 4111 1192 4146; x_wconf 88' lang='lat' dir='ltr'>rr.</span> <span class='ocrx_word' id='word_1_303' title='bbox 1207 4125 1248 4136; x_wconf 90' lang='lat'>--</span> <span class='ocrx_word' id='word_1_304' title='bbox 1260 4095 1310 4144; x_wconf 82' lang='lat' dir='ltr'>An.</span> <span class='ocrx_word' id='word_1_305' title='bbox 1328 4091 1394 4144; x_wconf 64' lang='grc' dir='ltr'>[Ιώ.</span> <span class='ocrx_word' id='word_1_306' title='bbox 1416 4091 1480 4159; x_wconf 70' lang='grc'>478.</span> 
     </span>
     <span class='ocr_line' id='line_1_39' title="bbox 421 4166 1479 4238; baseline 0.001 -16"><span class='ocrx_word' id='word_1_307' title='bbox 421 4166 494 4224; x_wconf 80' lang='lat' dir='ltr'>dicit.</span> <span class='ocrx_word' id='word_1_308' title='bbox 971 4171 1031 4227; x_wconf 64' lang='lat' dir='ltr'>[ir.</span> <span class='ocrx_word' id='word_1_309' title='bbox 1042 4174 1177 4238; x_wconf 79' lang='lat' dir='ltr'>XXVIII,</span> <span class='ocrx_word' id='word_1_310' title='bbox 1198 4174 1246 4238; x_wconf 73' lang='lat'>¹⁸3</span> <span class='ocrx_word' id='word_1_311' title='bbox 1261 4172 1378 4224; x_wconf 66' lang='lat' dir='ltr'>uetant.</span> <span class='ocrx_word' id='word_1_312' title='bbox 1394 4171 1437 4236; x_wconf 87' lang='lat'>11,</span> <span class='ocrx_word' id='word_1_313' title='bbox 1453 4186 1479 4237; x_wconf 85' lang='lat'>7·</span> 
     </span>
    </p>
   </div>
   <div class='ocr_carea' id='block_1_8' title="bbox 0 0 1642 5124">
    <p class='ocr_par' dir='ltr' id='par_1_9' title="bbox 0 0 1642 5124">
     <span class='ocr_line' id='line_1_40' title="bbox 0 0 1642 5124; baseline 0 0"><span class='ocrx_word' id='word_1_314' title='bbox 0 0 1642 5124; x_wconf 95' lang='lat' dir='ltr'> </span> 
     </span>
    </p>
   </div>
  </div>
 </body>
</html>
