3184 5132
379 541 427 613 9²
572 516 798 587 VALERII
832 515 1044 584 MAXIMI
1077 516 1174 584 LIB.
1208 517 1236 584 1.

310 681 314 694 ·
377 663 495 746 sponte
513 675 547 718 se
561 650 689 718 ardenti
703 673 786 744 rogo
805 648 1050 743 superjacturus
1061 701 1071 735 ,
1084 645 1310 744 interpellatis
1323 647 1367 716 ab
1382 673 1444 736 eu,

377 756 502 850 ecquid
512 772 576 824 aut
591 755 774 826 mandaret
779 809 790 842 ‚
802 771 866 824 aut
878 755 990 824 dicere
1001 755 1131 825 vellet?
1141 759 1242 824 Brevi
1252 771 1286 824 tc
1292 807 1303 840 ,
1316 757 1442 848 inquit,
1472 775 1476 780 '

376 863 522 932 curbo:
543 887 604 932 nec
623 862 655 931 id
677 864 747 931 sine
772 883 888 949 causa,
910 863 986 956 quia
1007 859 1230 930 voluntarium
1249 861 1320 954 ejus
1337 862 1443 930 evita

377 993 547 1038 excessum
566 967 681 1063 rapida
702 993 792 1038 murs
810 966 987 1038 Alexandri
1004 967 1205 1062 subsequuta
1224 982 1282 1038 est

436 1100 449 1144 1
464 1099 491 1144 1.
507 1077 627 1170 Regius
638 1077 788 1143 interitus
805 1075 1031 1169 magnitudine
1043 1073 1192 1144 miraculi
1203 1074 1336 1168 remigis
1347 1097 1443 1142 casus

378 1196 485 1274 aequat
503 1207 625 1276 :quem
644 1183 677 1250 in
698 1181 819 1250 hexere
830 1180 1020 1274 ¹Tyriurum
1036 1183 1198 1250 sentinam
1214 1180 1441 1264 haurientem,

378 1291 596 1380 quumenavi
617 1288 737 1358 fluctus
755 1287 1058 1382 abjecisset,altero
1075 1285 1177 1356 lutere
1192 1309 1440 1382 repercussum,

377 1393 497 1464 fluctus
519 1395 704 1464 contrarius
727 1395 761 1460 in
787 1417 905 1462 navem
927 1392 1052 1479 retulit3
1079 1394 1189 1487 itaque
1209 1393 1320 1462 miseri
1343 1389 1441 1462 simul

376 1523 415 1568 ac
433 1499 535 1571 felicis
550 1499 803 1594 complorationi
817 1502 977 1595 permixta
994 1499 1056 1568 lirit
1071 1498 1256 1593 gratulatio.

436 1631 490 1676 12.
514 1607 604 1696 Quid
629 1605 723 1675 illa²?
744 1631 855 1676 nonne
872 1605 1013 1698 ludilpria
1038 1619 1164 1675 naturae
1185 1607 1220 1674 in
1245 1603 1441 1698 corporibus

376 1712 529 1785 humanis
551 1715 648 1783 luisse
672 1711 835 1782 credenda
863 1711 961 1782 sunt?
980 1710 1165 1782 tolerabilia
1189 1710 1342 1805 quidem,
1362 1711 1440 1804 qnia

376 1821 499 1889 saevitia
510 1833 866 1906 caruerunt30aeterum
877 1821 931 1888 eti
957 1844 993 1890 sa
1004 1817 1168 1888 miraculis
1179 1815 1439 1886 adnumeranda:

377 1951 454 1998 narn
471 1941 504 1997 et
515 1929 654 2014 Prusiae,
670 1929 755 2022 regis
769 1927 926 2020 Bithynia
945 1925 1056 2012 ‚lilius
1070 1924 1187 1994 eudem
1206 1925 1357 2011 nomine,
1373 1947 1439 2016 quo

377 2049 487 2126 pater,
511 2060 573 2129 pru
601 2035 762 2129 superiori
786 2033 901 2102 ordine
926 2032 1073 2101 dentium
1093 2057 1196 2100 unum
1214 2056 1252 2100 oe
1273 2027 1440 2124 aqualiter

377 2241 536 2298 provectus,
555 2227 661 2281 dolores
679 2225 807 2299 quosdam
824 2245 885 2298 per-
929 2225 1110 2299 Sedqurruam
1119 2237 1253 2288 estuante,
1265 2223 1338 2296 quod
1348 2235 1439 2276 nonet

377 2308 446 2359 ferre
466 2321 610 2372 recusaret,
632 2308 660 2359 in
677 2325 772 2377 rogum
791 2308 886 2377 seipse
928 2325 1026 2358 serames
1035 2320 1062 2359 et
1074 2309 1208 2377 septiminus
1216 2303 1347 2369 dixerint,
1360 2317 1391 2356 ut
1402 2303 1437 2354 ti-

376 2385 476 2456 injecit.
486 2386 542 2438 Cic.
554 2385 587 2439 de
598 2387 658 2438 Dir.
667 2386 693 2450 1,
703 2386 782 2438 Tuec.
794 2401 839 2456 qu.
849 2385 885 2438 ll.
929 2406 1011 2448 umes,
1023 2385 1319 2458 trr'rerrres‚qaudriremes,
1328 2386 1440 2456 quiaqrre·

378 2465 530 2536 -Ecqw'd
541 2465 627 2517 Coler.
636 2477 737 2528 munet,
749 2464 808 2518 cod.
818 2466 884 2518 Dan.
929 2474 1023 2518 remes?
1038 2464 1119 2532 Quod
1132 2465 1220 2518 forsan
1240 2465 1353 2527 lautum,
1365 2459 1437 2534 qnod

378 2544 477 2596 habere
486 2548 508 2596 si
517 2545 586 2616 quid,
600 2543 681 2616 idque
691 2542 886 2616 prulerendum
929 2547 1037 2600 hexeres
1060 2559 1086 2598 et
1107 2545 1229 2617 hepteres
1256 2543 1339 2614 magis
1366 2539 1435 2613 apud

377 2642 446 2688 esse,
456 2643 539 2696 quum
550 2625 606 2696 ipse
615 2624 670 2677 Cic.
680 2625 698 2676 l.
706 2643 729 2676 c.
738 2623 884 2696 scripserit:
928 2625 1035 2678 Grecos
1044 2643 1122 2696 quem
1131 2623 1201 2697 apud
1207 2625 1341 2677 Romanus
1351 2622 1378 2674 in
1387 2641 1436 2675 usu

379 2704 505 2776 Quamque
520 2723 570 2756 eum
584 2704 725 2757 Alexander
738 2716 846 2772 rugaret,
863 2723 885 2755 ss
928 2704 1281 2758 essentceterumr'ulresere
1290 2702 1436 2774 Pighiusex

378 2783 439 2855 qur'd
451 2785 531 2838 uellet.
548 2785 651 2838 Verum
668 2783 804 2838 Ciceronis
819 2781 886 2836 illud
929 2784 1002 2837 MSS.
1009 2783 1191 2854 edidit‚quem
1198 2783 1243 2836 alii
1253 2782 1435 2854 aequauerat,

377 2861 516 2936 discrepat.
533 2863 626 2938 Neque
646 2863 717 2917 enirn
731 2867 754 2914 εἰ
769 2864 886 2934 positum
928 2861 1436 2917 nonobstantemaxirnevsrietatelihru-

376 2944 421 2996 hic
432 2957 470 2998 eet
480 2963 530 3016 pru
541 2965 573 2997 urs
588 2964 636 3018 per
645 2944 824 3016 pecuinam,
839 2941 886 2996 sed
929 2963 1003 3008 rum,
1019 2943 1053 2997 de
1066 2961 1117 3014 qua
1128 2943 1289 2996 Turranium
1298 2939 1383 2994 adeas.
1397 2973 1436 2984 -

375 3024 454 3096 plane
469 3024 653 3080 conditionalia
675 3038 714 3078 ert
731 3042 761 3077 ea
776 3023 885 3087 vocula,
933 3025 1066 3096 Tyriorum.
1077 3025 1166 3095 Tyras,
1178 3035 1247 3076 anta
1255 3033 1337 3094 petru,
1346 3021 1374 3073 in
1385 3039 1437 3091 qua

376 3103 600 3178 quemadmodum
612 3117 719 3177 apparet
726 3123 758 3156 ex
771 3100 885 3174 eoquod
928 3101 1034 3156 condita
1049 3143 1056 3169 ‚
1073 3115 1119 3155 aut
1134 3121 1148 3154 a
1162 3103 1249 3172 primu
1269 3100 1353 3172 gentis
1373 3119 1436 3152 uon·

376 3185 509 3256 sequitur:
519 3181 546 3236 at
558 3185 652 3237 dr'ceret
664 3184 769 3236 Scilicet
783 3182 886 3253 rogavit
928 3181 1015 3235 diture
1030 3183 1173 3234 nominata.
1191 3181 1270 3246 Quod
1286 3181 1331 3233 liic
1347 3198 1435 3232 narra·

376 3263 502 3322 Alexand.
513 3277 553 3328 ut,
563 3264 583 3316 si
593 3260 659 3334 quid
672 3263 763 3326 vellet,
776 3260 883 3314 diceret
928 3274 987 3326 tur,
995 3262 1151 3314 miraculum
1165 3261 1255 3314 vocari
1269 3259 1379 3312 minime
1385 3277 1437 3311 me·

375 3346 487 3399 Torren.
502 3354 567 3397 teste
586 3343 686 3414 aliquot
698 3341 772 3394 MSS.
787 3341 885 3394 hahent
929 3354 1012 3394 retur.

376 3425 542 3499 etquiditem
551 3421 882 3494 octoquid;crrteriecquid,
970 3441 994 3474 r.
1007 3421 1076 3492 Qur'd
1086 3421 1222 3477 illarscil.
1235 3421 1357 3492 quiajam
1366 3437 1434 3472 oum·
1478 3471 1480 3476 ,

377 3504 450 3578 quud
462 3505 573 3558 omnino
587 3513 689 3556 rectum
702 3497 816 3552 videtur.
928 3514 1118 3554 memoraturus
1131 3519 1198 3554 sum.

420 3603 443 3638 1.
455 3587 557 3638 Hetere.
570 3585 676 3643 Trieres,
688 3591 806 3651 penteres,
817 3580 885 3631 liece-
969 3581 994 3633 3.
1002 3581 1133 3654 Bithynice.
1139 3581 1212 3633 Olim
1219 3579 1350 3651 Bebrycia,
1359 3579 1432 3652 Myg-

377 3684 425 3726 res,
447 3665 550 3733 liepteres
572 3661 698 3716 dicuntur
713 3677 792 3712 neves
813 3677 884 3711 are·
927 3659 1060 3732 ductuque,
1085 3659 1181 3713 deinde
1203 3680 1218 3713 a
1237 3677 1298 3731 rege
1318 3659 1434 3729 Bithyno

374 3761 480 3795 murum
492 3741 632 3814 ordinibus
646 3761 666 3796 s.
678 3758 801 3794 numero.
813 3737 884 3791 Vide
927 3739 1044 3810 Bithynia
1055 3737 1138 3805 dicta,
1152 3741 1217 3792 Asia
1228 3740 1339 3792 minoris
1348 3738 1434 3808 regio,

375 3823 434 3876 Liv.
451 3822 592 3874 XXXVII.
609 3824 685 3892 Regia
700 3822 783 3872 classis
796 3829 882 3888 septem
928 3818 1169 3873 adversaThracie.
1178 3817 1248 3871 Vide
1255 3818 1434 3872 vintriaco.

376 3915 401 3955 et
409 3905 509 3972 triginta
520 3904 615 3969 majoris
619 3905 708 3968 foranu
716 3905 809 3953 navium
816 3912 880 3960 erat,
925 3900 974 3952 IV.
991 3931 1031 3943 -
1052 3900 1130 3951 Unum
1148 3919 1173 3951 os
1189 3899 1313 3970 aequaliter
1329 3911 1379 3951 etc.
1396 3897 1434 3949 De

376 3989 400 4034 irs
410 3979 493 4054 quibus
502 3991 547 4030 tres
558 3981 661 4050 hepteres
668 3994 692 4032 et
701 3994 804 4053 quotuor
815 3981 883 4030 liece-
926 3997 979 4049 quo
1000 3979 1105 4032 Solinus
1124 3981 1151 4044 l,
1174 3983 1211 4041 64
1229 3995 1236 4030 ε
1255 3978 1362 4046 Quidum
1382 3979 1434 4026 uice

377 4083 413 4114 rer
422 4060 531 4112 habebar.
540 4059 605 4110 Sunt
612 4073 700 4112 autem
709 4062 814 4120 mures,
824 4077 883 4131 quae
926 4059 1030 4110 densim
1044 4061 1150 4110 continui
1163 4061 1223 4110 ossis
1239 4069 1365 4108 armantur
1377 4055 1435 4108 soli-

375 4141 531 4213 sectuplices5
553 4149 580 4189 et
594 4138 709 4208 lrepteres,
732 4157 790 4209 quat
803 4153 882 4209 septu·
927 4139 1013 4197 ditate,
1030 4139 1121 4208 qualem
1130 4137 1214 4190 lubra
1222 4138 1381 4208 Bithynorum
1396 4155 1437 4188 res

373 4225 447 4295 pls‘ces
471 4235 605 4275 remorum
628 4215 733 4270 ordines
758 4219 881 4272 habuere.
927 4219 1036 4269 Praestas.
1053 4219 1095 4271 Cf.
1108 4218 1177 4272 Plio.
1191 4217 1259 4284 VII,
1276 4220 1318 4270 16.
