3168 5124
354 519 463 587 CAP.
493 520 536 604 V,
565 519 633 586 DE
661 519 917 588 JUSTITIA.
1096 519 1173 608 453

83 647 142 718 lus
165 675 245 720 cum
265 663 402 745 propter
420 648 499 718 alias
515 649 673 736 virtutes,
692 663 763 717 turn
784 649 850 719 hoc
867 649 1002 718 nomine
1019 649 1174 723 libentius

83 771 123 825 et
144 757 339 843 consulem,
360 771 393 825 et
412 781 602 843 censorem,
618 770 652 824 et
668 755 861 851 pontificem
881 757 1063 827 maximum
1084 759 1191 829 fecit.-

147 863 187 934 6.
209 866 281 933 Nec
303 863 397 932 aliter
419 889 453 932 se
473 866 510 932 L.
535 865 674 932 Crassus
692 865 726 931 in
749 864 867 933 eodem
886 864 1020 958 justitiae
1040 869 1173 962 experi-

85 984 212 1039 mento
232 970 359 1065 gessit¹.
383 974 422 1040 C.
445 971 609 1040 Carbonis
627 995 750 1039 nornen
771 971 891 1040 infesto
909 972 1041 1062 animo,
1056 987 1173 1068 utpote

84 1079 314 1147 inimicissimi
340 1077 424 1162 sibi,
445 1077 631 1164 detulerat;
651 1077 709 1175 ped
729 1091 842 1146 tamen
860 1079 1020 1152 scrinium
1039 1080 1130 1173 ejus,
1152 1105 1173 1150 a

86 1210 197 1253 servo
219 1185 354 1254 allatum
378 1185 420 1254 ad
437 1210 491 1272 se,
515 1182 688 1278 complura
711 1185 906 1268 continens,
933 1185 1052 1278 quibus
1075 1186 1171 1258 facite

87 1293 243 1386 opprimi
262 1306 390 1386 posset,
405 1306 444 1359 ut
457 1306 529 1360 erat
545 1292 731 1384 signatum,
750 1316 827 1359 cum
842 1316 939 1361 servo
957 1305 1110 1362 catenato
1128 1295 1171 1363 ad

87 1423 175 1466 eum
199 1399 331 1467 remisit.
353 1400 431 1486 Quo
445 1412 544 1490 pacto
563 1398 663 1490 igitur
679 1397 765 1465 inter
783 1399 907 1466 amicos
926 1397 1070 1492 viguisse
1091 1414 1172 1471 tunc

84 1506 256 1597 justitiam
273 1505 455 1588 credimus,
465 1528 568 1596 quum
582 1505 667 1571 inter
681 1518 889 1572 accusatores
901 1529 1034 1600 quoque
1050 1519 1083 1574 et
1097 1531 1171 1576 reos

88 1626 230 1680 tantum
251 1613 373 1678 virium
396 1611 580 1679 obtinuisse
599 1609 795 1678 videamus?

153 1743 189 1812 7.
213 1721 287 1785 Jam
307 1720 344 1784 L.
364 1715 454 1784 Sulla
472 1741 540 1784 non
560 1742 594 1785 se
616 1731 684 1786 tam
704 1716 923 1806 incolumem,
941 1742 1041 1812 quam
1062 1716 1170 1814 Sulpi·

89 1827 191 1892 cium
212 1822 339 1890 Rusum
354 1821 520 1916 perditum
539 1822 674 1910 voluit²,
690 1823 861 1892 tribunitio
882 1823 994 1893 furore
1016 1825 1086 1920 ejus
1102 1826 1172 1895 sine

90 1930 169 1998 ullo
193 1930 260 1998 sme
282 1944 445 1998 vexatus:
470 1944 627 1998 caeterum
648 1955 752 2024 quum
778 1955 855 2024 cum
877 1933 1119 2026 proscriptum,
1138 1947 1173 2002 et

91 2039 130 2104 in
145 2035 229 2104 villa
245 2035 401 2104 latentem
416 2061 436 2104 a
454 2061 551 2105 servo
567 2036 736 2132 proditum
751 2039 982 2132 comperisset,
997 2041 1173 2108 manumis-

94 2168 176 2211 sum
200 2127 429 2237 parricidam³,
448 2157 484 2211 ut
494 2141 575 2212 fides
596 2143 694 2212 edicti
708 2145 757 2212 sui
779 2157 941 2232 exstaret,
954 2151 1175 2241 praecipitari

87 2256 258 2344 protenus
271 2275 362 2319 scaro
383 2253 530 2345 Tarpeio
543 2276 619 2319 cum
633 2251 691 2319 illo
704 2253 830 2319 scelere
837 2267 946 2346 parto
951 2253 1048 2347 pt'leo
1056 2253 1171 2345 jussit:

96 2359 211 2426 victor
225 2356 372 2452 alioquin
389 2357 551 2444 insolens,
569 2358 635 2426 hoc
654 2359 793 2452 imperio
810 2358 1019 2451 justissimus.

317 2554 373 2606 DE
399 2552 611 2607 JUSTITIA
637 2551 958 2606 EXTERNORUM.

161 2729 191 2774 1.
207 2707 334 2773 Verum
348 2730 390 2773 ne
409 2703 599 2800 alienigene
607 2703 742 2796 justitiae
762 2702 856 2772 obliti
871 2702 1061 2789 videamur,
1072 2702 1174 2772 Pitta-

99 2837 160 2881 cus
174 2799 514 2906 nritylenaeus⁴,c11jus
527 2826 585 2880 aut
597 2811 721 2880 meritis
733 2823 863 2878 tantum
874 2811 962 2878 cives
974 2808 1175 2896 debuerunt,

101 2933 160 2988 aut
179 2911 331 2987 moribus
348 2918 575 3005 crediderunt,
589 2931 627 2986 ut
645 2917 711 2986 suis
727 2917 756 2985 ei
774 2915 941 3012 suffragiis
964 2915 1173 3010 tyrannidem

101 3025 292 3114 deferrent,
311 3025 438 3094 tamdiu
456 3024 537 3093 illud
550 3026 726 3120 imperium
743 3024 913 3112 sustinuit,
931 3021 1090 3117 quamdiu
1105 3019 1176 3090 bel-

147 3247 174 3282 r.
196 3227 285 3281 Gessit.
300 3229 351 3278 An.
374 3227 409 3279 U.
425 3227 491 3290 634.
507 3225 563 3281 Cic.
585 3223 618 3279 de
663 3225 741 3298 cipue
753 3226 840 3279 allecti
857 3237 934 3290 sunt,
948 3243 1014 3296 quoa
1030 3223 1089 3277 salsi
1101 3223 1176 3277 testi·

104 3310 169 3379 Leg.
185 3308 247 3372 n1;
260 3305 293 3361 de
305 3307 381 3360 Orat.
393 3307 445 3358 III.
663 3307 748 3359 monii
761 3306 938 3359 convicerant.
947 3304 1010 3358 Vid.
1022 3304 1091 3357 Gell.
1108 3303 1177 3370 XX,

149 3410 176 3442 a.
195 3388 289 3440 Voluit.
304 3389 354 3439 An.
375 3387 410 3439 U.
429 3387 495 3440 665.
509 3385 619 3450 Livius,
667 3405 692 3440 t.
704 3385 755 3440 Sed
768 3399 794 3440 et
804 3385 978 3456 aliaingentia
987 3384 1098 3437 crimina
1110 3383 1176 3436 ulcis·

105 3468 250 3520 LXXVII.
260 3469 408 3520 -Furore
417 3466 547 3538 Sulpicius
557 3466 618 3518 trib.
663 3468 804 3520 scebantur
818 3467 871 3519 hoc
886 3465 1032 3536 supplicio,
1047 3461 1120 3535 quod
1137 3475 1175 3515 ta·

107 3549 143 3617 pl.
159 3544 348 3600 inauditaefuit
357 3560 384 3599 et
396 3547 536 3618 superbie,
546 3559 573 3599 et
582 3557 620 3598 te·
664 3566 738 3611 meu,
750 3559 875 3619 tanquam
888 3546 967 3600 nimia
981 3557 1071 3608 atrox,
1085 3554 1177 3614 postea

107 3627 256 3689 meritatis,
268 3627 314 3697 qui
328 3639 456 3680 trecentos
469 3645 558 3680 secum
571 3626 620 3678 mi·
665 3627 803 3680 abolitum.
814 3657 855 3669 -
866 3627 944 3678 Pileo.
959 3627 1028 3677 Raso
1039 3624 1125 3696 capite
1135 3623 1179 3694 pt-

107 3707 167 3759 lites
181 3707 297 3760 habebat
308 3708 382 3778 quasi
397 3707 528 3760 satellites.
666 3708 726 3757 lcum
741 3707 810 3760 servi
828 3725 921 3778 capere
939 3705 1075 3770 solebant,
1093 3721 1177 3776 quum

151 3787 178 3839 3.
202 3787 362 3840 Parricidam.
374 3787 502 3848 Servum,
515 3785 562 3856 qui
576 3783 623 3836 do·
664 3786 785 3840 libertate
800 3785 973 3838 donarentur.

111 3865 216 3920 minum
230 3865 364 3938 prodidit,
375 3867 522 3938 parricidam
537 3877 621 3918 vocat.
707 3871 733 3929 4.
754 3867 918 3935 Mitylenaeas.
927 3865 981 3930 Qui
993 3864 1062 3916 inter
1076 3873 1179 3934 septem

112 3946 291 3999 Manumissus
304 3959 357 4012 est,
370 3958 399 3998 ut
414 3966 446 3999 ex
459 3945 546 3998 edicto
559 3964 623 4016 pro·
666 3943 1179 4019 sapienteslrabitus.Vid.Laertinejus

114 4027 223 4080 naissum
238 4025 332 4084 indicii
344 4026 483 4098 praemium
496 4025 622 4078 haberet:
666 4026 729 4079 vita.
744 4059 784 4067 —
799 4025 969 4096 Tyranaidem.
985 4025 1010 4078 Τ
1003 4043 1112 4098 ymanus
1128 4022 1180 4075 tuit

115 4124 176 4158 mox
190 4126 254 4160 vero
264 4109 299 4160 oh
315 4108 397 4160 scelus
408 4105 509 4178 proditi
522 4104 624 4158 domini
668 4104 879 4178 appellatus,red
887 4107 1024 4177 justus‚ut
1032 4100 1180 4167 Miltiades,

115 4183 148 4237 de
162 4205 223 4238 saxo
241 4187 372 4260 dejectus,
389 4207 438 4259 qua
460 4205 537 4258 poena
557 4205 625 4258 pra<
668 4199 732 4242 teste
739 4185 1007 4260 Nepote-Tamdiu.
1015 4187 1112 4238 Decem
1119 4202 1181 4238 ann.

979 4282 990 4320 d

920 4318 968 4390 29
