3184 5132
393 443 462 518 150
580 445 802 513 VALERII
836 443 1041 512 ΜΑΧΙΜΙ
1075 445 1173 514 LIB.
1201 445 1253 512 II.

385 576 572 674 reipublicae
593 577 738 664 viribus,
760 601 862 672 quum
892 575 1071 670 magnum¹
1094 578 1301 672 captivorum
1324 577 1449 646 civium

386 694 522 754 suorum
535 707 709 752 numerum
722 684 878 777 aPyrrho
893 707 969 778 rege
978 681 1065 754 ultro
1079 685 1213 752 missum
1229 685 1446 777 recepissent,

385 791 618 874 decreverunt,
642 804 679 858 ut
701 791 792 859 exiis
808 790 863 883 qui
881 813 966 883 equo
986 805 1189 876 meruerant,
1211 789 1360 884 peditum
1379 814 1443 858 nu·

386 921 479 966 mero
491 894 689 983 militarent,
700 898 755 990 qui
768 895 892 991 pedites
904 895 1048 982 fuerant,
1063 897 1097 963 in
1110 895 1314 964 funditorum
1327 895 1444 964 auxilia

386 1001 702 1088 transcriberentur;
717 1011 800 1070 neve
821 1003 894 1095 quis
912 1025 1027 1070 eorum
1044 1003 1130 1070 intra
1146 1015 1252 1071 castre
1266 999 1444 1088 tenderet²,

386 1133 470 1178 neve
499 1107 608 1177 locum
634 1123 726 1176 extra
754 1109 955 1202 assignatum
982 1105 1069 1176 vallo
1093 1123 1150 1176 aut
1172 1108 1259 1178 sossa
1285 1110 1444 1201 cingeret,

387 1239 471 1283 neve
493 1216 670 1284 tentorium
693 1239 734 1282 ex
756 1211 895 1308 pellibus
914 1213 1071 1300 haheret3
1089 1239 1259 1284 recursum
1282 1228 1393 1282 autern
1408 1215 1443 1281 iis

388 1320 429 1390 ad
452 1321 624 1416 pristinum
648 1319 770 1388 militiae
787 1318 935 1391 ordinem
955 1334 1212 1416 proposuerunt,
1234 1322 1260 1388 si
1278 1321 1350 1412 quis
1372 1320 1446 1388 bina

389 1425 492 1521 spolia
516 1451 556 1496 ex
578 1426 727 1496 hostibus
749 1424 898 1496 tulisset:
922 1427 1041 1520 quibus
1064 1424 1231 1520 suppliciis
1252 1427 1445 1518 compressi,

388 1557 427 1602 ex
447 1517 668 1602 deformibus³
689 1532 805 1624 Pyrrhi
827 1531 1029 1602 munusculis
1050 1533 1202 1601 acerrimi
1221 1531 1333 1600 hostes
1352 1532 1446 1600 exsti·

389 1653 510 1709 terunt.
533 1641 650 1708 Parem
668 1641 750 1707 iram
771 1639 927 1710 adversus
945 1639 1017 1708 illos
1035 1653 1166 1708 senatus
1184 1638 1374 1724 destrinxit,
1391 1639 1444 1731 qui

390 1746 479 1840 apud
501 1749 633 1816 Cannas
653 1745 892 1840 rempublicam
913 1734 1160 1830 deseruerant⁴;
1180 1769 1256 1814 nam
1270 1769 1374 1838 quum
1391 1767 1445 1812 eos

390 1853 551 1946 gravitate
566 1851 688 1921 decreti
701 1850 785 1920 ultra
799 1865 1005 1920 mortuorum
1020 1850 1240 1924 conditionem
1256 1849 1445 1946 relegasset,

389 1960 564 2052 acceptisa
579 1960 625 2028 Μ.
644 1957 803 2027 Marcello
815 1956 932 2044 literis,
949 1970 987 2025 ut
1004 1981 1120 2026 eorum
1138 1957 1197 2026 sibi
1218 1981 1319 2050 opera
1334 1955 1376 2024 ad
1393 1981 1445 2026 ex·

390 2067 625 2158 pugnationem
639 2067 874 2160 Syracusarum
888 2065 936 2132 uti
951 2062 1080 2152 liceret,
1097 2064 1277 2160 rescripsit,
1296 2061 1445 2156 indignos

391 2193 479 2256 esse,
501 2172 556 2264 qui
578 2173 612 2238 in
634 2186 740 2239 castra
761 2173 1008 2265 reciperentur;
1028 2184 1184 2240 ceterum
1207 2193 1241 2238 se
1262 2169 1292 2236 ei
1314 2169 1444 2262 permit·

392 2288 484 2361 tere,
513 2290 551 2344 ut
578 2275 718 2360 laceret,
746 2260 834 2369 quod
868 2275 1021 2370 expedire
1047 2275 1231 2371 reipublice
1253 2273 1445 2369 judicasset,

393 2379 472 2448 dum
492 2405 533 2448 ne
555 2382 628 2474 quis
652 2406 692 2449 ex
713 2383 758 2449 eis
779 2405 916 2451 munere
936 2369 1104 2470 vacaret⁵,
1129 2397 1186 2450 aut
1212 2380 1301 2450 dono
1327 2379 1446 2448 militie

393 2484 588 2569 donaretur,
605 2487 711 2554 autin
729 2486 875 2574 Italiam,
895 2487 1001 2559 donec
1022 2489 1133 2558 hostes
1150 2490 1184 2556 in
1202 2511 1240 2556 ea
1255 2501 1381 2573 essent,
1400 2509 1447 2554 ac·

394 2591 543 2661 cederet:
557 2594 602 2660 sic
617 2617 752 2663 enerves
764 2596 891 2663 animos
902 2593 1009 2664 odisse
1020 2597 1124 2664 virtus
1135 2593 1226 2663 solet.
1236 2578 1336 2688 Age⁶,
1349 2616 1445 2687 quam

396 2700 540 2791 graviter
561 2714 691 2769 senatus
712 2699 802 2786 tulit,
820 2700 909 2795 quod
927 2701 970 2790 Q.
986 2699 1135 2770 Petilium
1154 2699 1322 2770 consulem
1343 2699 1445 2768 fortis·

396 2804 478 2872 sime
498 2805 655 2874 adversus
678 2808 816 2902 Ligures
834 2821 1038 2902 pugnantem
1058 2805 1208 2877 occidere
1226 2805 1343 2876 milites
1365 2807 1445 2899 passi

395 2910 526 2980 essent?
546 2911 683 3006 legioni⁷
705 2915 791 2982 enim
814 2937 920 3009 neque
944 2912 1144 3008 stipendium
1163 2914 1239 2982 anni
1252 2911 1444 3007 procedere,

440 3139 465 3174 r.
479 3119 604 3188 Magnum.
619 3121 702 3174 Fuere
710 3123 756 3176 CC
767 3135 831 3175 teste
841 3123 901 3175 Jns·
987 3124 1011 3174 5.
1027 3122 1127 3176 Munire
1139 3121 1245 3174 omens.
1265 3120 1299 3174 ld
1311 3133 1365 3186 est,
1380 3139 1445 3174 nnn·

397 3199 454 3252 tino
475 3199 577 3252 xvm.
599 3231 638 3242 -
654 3201 794 3252 Marsorum
806 3201 904 3256 scilicet
945 3220 1024 3272 quam
1040 3201 1147 3256 baberet
1165 3200 1326 3254 vacationem
1340 3201 1445 3266 militie,

398 3276 544 3351 stipendia,
559 3279 613 3332 sive
628 3279 813 3334 militaverant.
946 3279 992 3334 sed
1007 3299 1110 3354 semper
1120 3281 1253 3334 militaret.
1269 3311 1310 3324 -
1324 3279 1446 3334 Am

440 3358 647 3426 2.Tenderst‚i.e.
654 3358 797 3412 tentorium
804 3360 903 3431 figeret.
946 3373 1051 3416 meur.
1069 3361 1178 3414 Etiamsi
1197 3361 1301 3412 sortiter
1315 3377 1343 3412 se
1361 3359 1446 3432 gessis-

440 3439 464 3492 3.
476 3439 635 3506 Deformibns.
648 3439 760 3492 Romani
772 3439 843 3492 enim
853 3458 904 3511 pn·
947 3453 1002 3506 set,
1020 3441 1095 3494 nullo
1110 3439 1254 3494 donaretur
1274 3439 1381 3492 militari
1395 3457 1447 3492 mu·

400 3520 503 3583 tabant,
516 3516 642 3572 dedecori
653 3536 707 3572 esse
722 3518 839 3590 ipsorum
852 3538 906 3572 ma·
947 3539 1023 3587 nere,
1039 3521 1151 3592 exempli
1166 3538 1258 3586 censs,
1271 3538 1377 3574 corone.

398 3597 498 3667 jeststi,
513 3596 585 3668 quod
592 3597 711 3670 Pyrrhus
723 3598 840 3669 captivos
851 3599 905 3652 llo·
988 3603 1014 3654 6.
1030 3601 1094 3670 Age.
1105 3602 1155 3654 An.
1166 3600 1200 3654 U.
1215 3602 1280 3670 577.
1290 3597 1360 3652 Vide
1371 3597 1448 3650 Fron·

400 3695 470 3728 mem
485 3676 541 3729 sine
553 3679 639 3748 pretio
651 3678 799 3732 remisisset.
947 3678 1109 3744 tinnm‚1V,
1124 3681 1308 3748 1.-ugms.
1323 3675 1448 3731 Inteer·

440 3762 464 3818 4.
481 3757 569 3807 Parem
581 3761 641 3810 irem
648 3797 740 3812 .......
746 3757 903 3810 ducturam.
947 3777 1008 3812 rum
1016 3773 1042 3812 et
1050 3759 1166 3812 Macram
1175 3759 1230 3823 siti,
1241 3760 1274 3812 ab
1284 3757 1448 3812 alterolstert

400 3836 451 3886 An.
465 3835 500 3887 U.
517 3836 581 3906 537.
597 3837 657 3890 Liv.
671 3839 750 3892 XXII
764 3850 790 3890 et
802 3838 905 3892 XXIII.
948 3839 1063 3892 habuere
1084 3840 1285 3912 Appenninum,
1313 3838 1346 3892 sb
1372 3838 1449 3890 altero

400 3911 480 3978 Quod
493 3915 611 3986 sequitur
622 3918 719 3970 factum
733 3937 775 3970 an.
788 3918 823 3970 U.
840 3919 905 3982 541.
948 3937 1030 3983 snare,
1042 3917 1105 3972 inde
1119 3919 1281 3990 Ligusticum
1296 3931 1425 3972 nocetum.

401 3991 471 4046 Vide
486 3993 545 4048 Liv.
560 3995 647 4068 m.
670 4029 710 4040 —
727 3997 854 4052 Gravitas
867 3998 907 4050 ds·
990 4018 1016 4070 7.
1032 3999 1139 4068 tepent
1153 3995 1186 4050 ld
1199 4011 1247 4065 est,
1261 3997 1286 4050 ei
1299 3995 1447 4069 legioni,in

402 4077 470 4134 eresi,
481 4071 508 4125 id
517 4075 648 4143 sufflavi
655 4088 681 4128 et
691 4095 781 4130 severo
791 4075 905 4130 decreto.
948 4079 1022 4147 cujus
1046 4079 1100 4132 scie
1118 4077 1209 4132 consul
1231 4076 1331 4130 oocisns
1353 4077 1451 4140 fuerat,
