3184 5132
252 477 355 544 ese.
385 477 475 562 VII,
501 477 569 544 DE
596 477 894 544 DISCIPLINA
922 477 1075 544 MILIT.
1136 479 1207 570 149

144 633 218 702 quae
235 607 291 675 ubi
307 631 326 676 a
341 621 433 677 recto
448 621 563 676 tenore
576 605 803 694 desciverunt,
821 632 1019 703 oppressura
1038 621 1130 694 sunt,
1148 608 1209 676 nisi

144 715 386 810 opprimantur.

204 817 259 890 15.
281 819 345 889 Sed
366 833 496 913 tempus
516 834 585 906 est,
606 845 721 888 eorum
743 845 876 914 quoque
896 819 1095 890 mentionem
1121 818 1210 908 fieri,

144 953 219 1022 quae
242 927 310 1019 jam
330 951 397 994 non
421 950 440 992 a
459 925 611 1020 singulis,
634 950 750 994 verum
772 926 814 994 ab
835 928 990 996 universo
1012 941 1126 996 senatu
1146 952 1207 1020 pro

144 1033 277 1102 militari
305 1057 397 1100 more
426 1031 629 1119 obtinend0,
660 1031 955 1127 defendendoque,
983 1033 1207 1104 administrata

144 1155 230 1208 sunt.
251 1141 288 1208 L.
309 1137 485 1222 Marcius¹,
498 1139 650 1208 tribunus
663 1137 819 1228 militum,
834 1165 936 1234 quum
955 1140 1106 1234 reliquias
1124 1139 1206 1208 duo·

142 1270 217 1313 rum
230 1246 432 1313 exercituum
444 1246 479 1312 P.
493 1257 527 1312 et
541 1248 602 1314 Cn.
617 1246 823 1338 Scipionum,
837 1271 921 1340 quos
935 1269 1026 1315 arma
1039 1247 1158 1340 punica
1173 1248 1205 1314 in

144 1353 301 1446 Hispania
314 1351 584 1446 absumpserant,
599 1349 760 1446 dispersas
774 1354 856 1420 mira
871 1353 993 1422 virtute
1007 1352 1206 1447 collegisset,

141 1481 321 1550 earumque
343 1457 510 1552 suffragiis
533 1457 600 1525 dux
616 1473 706 1526 esset
728 1474 874 1545 creatus,
901 1461 1029 1528 senatui
1049 1458 1206 1528 derebus

140 1565 223 1632 actis
240 1588 260 1631 a
282 1589 316 1632 se
338 1563 500 1650 scribens,
519 1565 552 1631 in
572 1564 663 1632 hunc
684 1563 819 1634 modum
835 1590 930 1634 orsus
948 1580 1019 1634 est:
1040 1568 1079 1634 L.
1100 1567 1205 1633 Man-

139 1693 220 1740 crus
238 1672 367 1740 Pnorn.
377 1667 398 1736 ²:
419 1669 513 1761 cujus
526 1669 662 1738 honoris
676 1674 889 1766 usurpatione
904 1675 1042 1742 uticum
1058 1669 1205 1765 patribus

139 1778 337 1869 conscriptis
355 1801 421 1842 non
441 1774 583 1868 placuit3
601 1779 678 1870 quia
696 1776 796 1846 duces
813 1801 833 1846 a
851 1777 990 1872 populo,
1009 1802 1077 1846 non
1093 1801 1111 1844 a
1128 1773 1206 1844 mili·

138 1881 228 1949 tibus
247 1883 352 1950 creari
374 1879 538 1972 solerept;
559 1907 626 1975 quo
643 1897 792 1976 tempore
810 1899 877 1952 tam
896 1899 1053 1978 angusto,
1071 1898 1204 1977 tamque

139 1989 252 2079 gravi,
270 2001 407 2081 propter
432 1989 574 2056 immane
602 1987 788 2082 reipublice
809 1989 967 2058 damnum
986 1991 1085 2060 etiarn
1101 1989 1203 2058 tribu·

139 2117 206 2160 nus
224 2091 365 2162 militum
379 2079 581 2162 adulandus³
595 2109 683 2180 erat,
705 2097 860 2188 quoniam
876 2095 1008 2190 quidem
1023 2095 1064 2164 ad
1081 2110 1202 2164 statum

137 2199 242 2268 totius
270 2199 406 2268 civitatis
433 2200 664 2295 corrigendum
695 2226 780 2270 unus
806 2201 999 2288 suffecerat3
1027 2201 1084 2270 sed
1113 2199 1201 2270 nulla

136 2302 267 2391 clades,
282 2304 409 2374 nullum
424 2308 592 2392 meritum,
607 2306 770 2376 valentius
782 2307 912 2376 militari
926 2294 1114 2403 disciplinal
1125 2307 1201 2392 fuit;

135 2413 354 2480 succurrebat
380 2413 467 2480 enim
483 2411 560 2498 illis,
575 2437 674 2507 quam
691 2415 837 2484 animosa
851 2417 1024 2484 severitate
1036 2415 1199 2506 tarentino

135 2503 240 2587 bello⁵
250 2519 390 2611 majores
400 2543 515 2588 eorum
525 2521 573 2588 usi
586 2519 780 2608 fuissent3in
791 2543 858 2615 quo
873 2522 1070 2614 quassatiset
1079 2521 1198 2589 attritis

135 2709 646 2783 humanitatepotiusquadamegissdju·
690 2709 1196 2764 sedMurcr'nsvirtutssuaremrestituit.

135 2791 273 2855 dicantur,
284 2791 345 2864 quia
359 2791 460 2844 crimen
473 2792 500 2843 in
516 2789 646 2860 judicium
733 2811 757 2844 s.
774 2794 803 2844 L.
820 2791 926 2843 Marcius
933 2793 1021 2862 Prope.
1037 2791 1196 2860 propretor.

136 2891 193 2924 non
212 2873 293 2924 venit.
308 2869 358 2924 Sed
378 2871 486 2924 tarditas
504 2871 645 2923 sententis·
731 2873 756 2924 3.
778 2871 931 2924 Aduleadus.
949 2868 1058 2922 Adulari
1073 2871 1150 2922 alicui
1170 2881 1198 2922 et

137 2971 199 3006 ram
223 2949 368 3022 dilatioque
391 2971 474 3022 poenss
498 2952 586 3004 locum
608 2951 645 3004 ibi
689 2952 802 3023 aliquem
812 2947 1196 3020 diciposesuiudeetiampas·

134 3051 190 3084 non
205 3031 318 3096 habent;
333 3050 393 3083 nam
409 3031 430 3084 si
444 3049 494 3102 per
506 3029 644 3102 dispendia
688 3032 743 3084 sive
755 3029 948 3090 addendusmti
960 3041 986 3080 et
996 3027 1090 3080 Cicero
1103 3026 1157 3079 ou.
1168 3029 1194 3092 I,

131 3109 297 3182 judiciorum
324 3109 526 3181 exspectandum
556 3123 644 3176 esset,
688 3111 825 3181 loquitur:
841 3127 925 3160 aenos
939 3107 1038 3158 adulari
1049 3111 1160 3158 amarum.

133 3203 164 3243 ut
175 3189 278 3261 dejure
286 3187 486 3261 disceptaretur,
500 3189 580 3241 nimis
591 3207 646 3242 cre·
729 3197 755 3254 4.
772 3189 913 3258 Disciplina.
930 3187 1038 3258 Pighius
1049 3183 1195 3238 enduobus

133 3281 221 3323 sceret
240 3267 372 3321 interdum
391 3269 512 3321 militaris
528 3268 643 3322 licentis.
687 3267 765 3322 codd.
775 3265 877 3320 addidit
885 3267 953 3338 apud
957 3278 1062 3319 semem
1068 3285 1078 3328 ,·
1092 3263 1137 3316 sed
1148 3266 1194 3316 ab·

135 3347 226 3404 Celeri
239 3347 331 3420 igitur,
348 3346 533 3420 compendiosa
543 3359 569 3401 et
583 3349 644 3400 bre·
687 3362 748 3401 sunt
757 3347 816 3400 duas
827 3347 961 3400 illeroces
971 3347 1004 3398 ab
1013 3343 1136 3398 omnibus
1145 3361 1194 3396 cte·

135 3429 162 3481 vi
185 3427 354 3500 castigatione
373 3427 417 3480 hic
434 3445 501 3498 opus
520 3439 566 3480 est.
585 3429 644 3492 Qua
686 3429 749 3481 teris
763 3426 841 3480 codd.
854 3439 881 3480 et
893 3429 981 3479 abesse
991 3425 1089 3478 debere
1100 3425 1194 3476 clamat

134 3527 165 3562 re
188 3519 216 3560 et
235 3505 317 3560 hodie
336 3505 407 3560 nulla
428 3508 544 3560 severior
564 3505 643 3560 disci·
686 3525 796 3580 sequens
805 3508 864 3568 illis,
882 3505 955 3578 quod
963 3505 1057 3558 referri
1070 3501 1103 3555 sd
1109 3515 1194 3574 patres

134 3589 210 3659 plina
221 3585 645 3650 militari,etnullibibresiorcri·
686 3591 829 3658 comers’pros
837 3587 923 3658 quivis
931 3584 1013 3637 videt.
1021 3583 1192 3655 QuarePigb.

134 3667 216 3726 minis
231 3665 388 3739 disquisitio.
686 3669 734 3720 silis
749 3682 855 3740 quoque
868 3666 945 3719 tacite
958 3663 1093 3736 emmnrdt.

179 3765 203 3800 1.
221 3745 438 3800 L.Marcs'au.An.
452 3745 487 3798 U.
504 3747 568 3811 541.
583 3746 642 3800 Lis.
728 3748 753 3801 5.
772 3749 902 3800 Tarentino
921 3745 990 3797 hello.
1005 3746 1055 3796 An.
1069 3743 1103 3795 U.
1126 3743 1191 3812 475.

135 3823 323 3880 xxva-P.
338 3825 416 3880 ean.
432 3825 575 3895 Scipionum.
589 3826 643 3892 Qui
686 3825 807 3878 Frontin.
828 3827 879 3890 lv,
899 3844 922 3878 1.
947 3825 1047 3895 Appius
1067 3821 1193 3876 Claudius

134 3905 261 3959 bellantes
283 3905 406 3960 adversus
426 3903 598 3959 Asdrubalem
618 3918 644 3960 et
685 3907 839 3959 sententiam
855 3905 928 3969 tulit,
949 3921 996 3969 ne,
1010 3903 1058 3975 qui
1071 3903 1140 3974 cepti
1155 3919 1194 3955 es·

136 3985 276 4057 Magonem
283 3985 644 4058 inIIispanis,delicientibas
685 3997 758 4051 sent,
777 3985 890 4057 pristino
908 3995 978 4037 statu
997 3984 1192 4055 reciperentur,

137 4059 232 4120 deinde
248 4065 414 4121 Celtiberiae
428 4067 566 4128 Romanis,
582 4083 643 4118 eum
682 4063 770 4118 'donec
787 4065 851 4118 bins
866 4065 981 4118 bostium
997 4063 1080 4136 molis
1095 4060 1192 4132 singuli

137 4161 229 4218 magns
243 4147 371 4202 exercitus
384 4159 459 4222 parte
470 4159 531 4200 snm
544 4144 620 4199 deleti
634 4165 641 4200 ;
684 4146 841 4200 retulissent.

943 4229 1005 4313 103
