3218 5128
366 513 473 582 etr.
507 513 542 598 1,
569 511 982 580 nnnnnrcrono.
1156 512 1203 585 25

147 660 251 730 terne,
272 657 305 712 et
327 668 484 729 coronas,
506 667 579 736 quar
601 640 852 712 simulacrorum
874 643 1034 736 porrectis
1056 643 1206 714 manibus

150 749 411 837 sustinebantur,
433 747 582 836 tollebat,
604 764 638 818 et
658 772 712 820 eas
734 773 768 818 se
785 749 951 842 accipere,
973 773 1041 816 non
1061 749 1206 837 auferre,

148 857 301 926 dicebat:
321 879 478 952 perquam
500 853 636 926 stultum
658 879 728 924 esse
745 853 1028 948 argumentando,
1046 877 1066 922 a
1087 853 1205 948 quibus

146 961 234 1030 bona
256 987 446 1058 precamur,
466 961 507 1030 ab
529 961 580 1028 bis
605 961 847 1057 porrigentibus
868 959 954 1029 nolle
976 983 1114 1029 sumere.
1138 962 1206 1049 Qui

145 1069 276 1138 tametsi
299 1068 411 1138 debita
434 1065 593 1162 supplicia
619 1093 686 1138 non
710 1065 881 1154 exsolvit¹,
905 1066 1067 1134 dedecore
1094 1080 1205 1136 tamen

144 1172 220 1260 lilii,
235 1189 385 1244 mortuus
401 1198 515 1268 poenas
528 1176 697 1269 rependit,
711 1197 792 1267 quas
806 1176 900 1242 vivus
912 1171 1082 1266 effugerat.
1098 1173 1204 1242 Lento

143 1282 233 1348 enim
255 1282 359 1376 gradu
377 1279 418 1348 ati
439 1279 617 1350 vindictam
639 1282 689 1350 sui
709 1279 819 1348 divina
836 1277 985 1374 procedit
1003 1280 1071 1362 ira3
1099 1279 1203 1348 tardi-

143 1400 311 1480 tatemque
329 1385 481 1480 supplicii
501 1388 661 1481 gravitate
681 1399 873 1480 compensat
883 1383 903 1452 ².

199 1503 232 1585 d.
251 1503 293 1568 In
314 1523 414 1594 quam
433 1525 473 1570 ne
495 1500 654 1569 incideret
670 1499 887 1570 Timasitheus
897 1483 920 1584 ³,
937 1500 1202 1593 Liparitanorum

140 1607 314 1700 princepe,
341 1604 475 1676 consilio
504 1606 564 1674 sibi
591 1607 732 1700 pariter,
758 1621 856 1700 atque
882 1607 1042 1674 universa
1068 1608 1203 1700 patriae,

139 1710 214 1782 utili
233 1711 377 1808 providit
396 1710 555 1807 exemplo.
573 1715 720 1806 Excepta
735 1735 877 1804 namque
894 1712 927 1778 in
941 1709 1056 1780 fretoa
1074 1711 1201 1782 civibus

139 1820 208 1886 suis
222 1821 393 1912 piraticam
410 1818 636 1888 exercentibus
648 1819 759 1910 magni
774 1816 928 1910 ponderis
946 1839 1045 1885 aurea
1059 1833 1203 1904 cratera,

139 2035 249 2070 morem
267 2017 346 2072 inisse
359 2031 477 2084 constat,
498 2031 528 2071 ut
541 2019 651 2090 impera·
695 2037 776 2090 quum
791 2018 917 2072 Camillus
933 2019 960 2070 in
973 2017 1111 2072 obsidione
1119 2019 1199 2070 Veio-

139 2110 215 2148 tores
240 2095 315 2168 porta
340 2115 371 2148 ex
395 2095 515 2152 hostibus
541 2098 650 2150 victoria
693 2117 753 2150 rum
772 2095 901 2150 decimam
921 2093 1016 2168 praeda·
1035 2110 1136 2168 partem
1152 2116 1198 2150 ro·

139 2187 242 2228 statuas
259 2173 384 2246 quasdam
405 2189 431 2228 et
450 2177 576 2247 imagines
594 2175 649 2230 dese
692 2177 770 2231 risset
783 2177 918 2248 Apollini,
932 2190 958 2229 et
971 2175 1084 2246 popalus
1094 2195 1195 2230 roman.

138 2255 261 2308 Victorias
278 2267 476 2322 consecrarent,
490 2255 562 2327 quod
581 2257 649 2310 The·
690 2269 816 2312 materam
824 2256 1197 2327 fierijuberetauream‚quam

136 2333 287 2388 mistoclem
299 2334 388 2388 iecisse
404 2336 583 2399 Quintilianus
601 2349 649 2390 tes·
690 2335 1196 2408 miserumDelphosbegatoscumprre·

138 2427 212 2466 tatur
225 2413 344 2466 institut.
361 2425 427 2466 orat.
444 2413 493 2466 lx.
507 2415 560 2468 Sed
577 2418 646 2469 Vor-
689 2415 757 2469 sidio
772 2416 879 2468 narium
892 2415 1067 2468 Timasitheus
1082 2428 1120 2466 est
1135 2434 1195 2486 pro·

136 2494 205 2546 stius
217 2493 292 2556 vult,
306 2493 454 2545 victoriolas
470 2493 539 2558 illas,
558 2496 597 2548 uti
610 2497 646 2547 lo-
689 2508 829 2567 sequutus,
843 2495 973 2565 fecitque,
985 2507 1015 2546 ut
1028 2493 1136 2565 sospites
1151 2513 1193 2545 re·

136 2573 230 2643 quitur
243 2572 350 2637 Cicero,
366 2589 420 2624 uon
439 2573 507 2644 ipsas
521 2573 646 2627 Victoria
688 2587 866 2639 verterentum
882 2572 953 2625 unde
964 2593 994 2626 ex
1010 2573 1059 2626 SC.
1081 2573 1193 2625 amicitia

137 2663 234 2704 statuas
247 2652 343 2716 fuisse,
356 2649 401 2704 sed
415 2651 522 2722 aliquod
535 2671 646 2724 parvum
688 2672 749 2708 oum
766 2673 798 2706 eo
814 2663 852 2706 est
868 2654 951 2717 iacta,
965 2651 1085 2724 donaque
1096 2653 1192 2723 illipu·

136 2731 323 2795 simulacrum,
333 2729 404 2803 quod
415 2732 536 2784 manibus
548 2745 645 2785 statua·
688 2733 757 2786 blice
769 2731 838 2785 data.
848 2763 889 2774 --
899 2733 1100 2802 Liparitanorum.
1117 2732 1194 2802 Lipa-

134 2830 198 2862 rum
205 2811 329 2864 sustineri
338 2811 443 2864 solitum
451 2811 539 2863 fuerit.
547 2813 645 2866 Eamm
688 2831 718 2864 re
732 2813 828 2886 insula,
840 2829 893 2863 nna
908 2831 945 2863 ex·
955 2812 1053 2864 AEoliis.

136 2903 226 2942 antem
238 2890 322 2942 lomna
331 2890 360 2941 in
370 2891 486 2960 antiquis
497 2892 584 2944 numia
595 2893 645 2944 ire·
727 2893 793 2958 Quae
810 2909 880 2963 nunc
897 2889 1024 2962 usquead
1044 2891 1193 2959 exemplum

135 2987 229 3040 quens.
263 3001 303 3012 -
329 2970 439 3022 Poteras.
453 2967 523 3022 Vide
549 2970 643 3024 Isidor.
688 2969 722 3024 de
734 2973 858 3042 Deiotaro
876 2987 937 3042 rege
955 2987 1012 3040 cap.
1026 2970 1068 3032 V,
1082 2985 1193 3038 sequnn-

132 3050 204 3115 ΚΧ,
223 3049 248 3102 5.
688 3063 750 3116 tur,
771 3049 854 3102 Aldus
879 3049 980 3120 primus
1005 3048 1147 3118 apposuit:
1164 3049 1190 3101 in

180 3147 206 3181 r.
223 3129 342 3182 Exsolvit.
359 3131 397 3182 Ex
417 3143 506 3183 mente
522 3131 642 3186 Ciceron.
686 3129 819 3200 plerisque
833 3127 910 3182 codd.
925 3127 1000 3180 MSS.
1016 3125 1119 3180 desunt.
1131 3127 1193 3181 lice

133 3208 170 3260 de
180 3207 215 3258 N.
224 3209 257 3258 D.
266 3209 317 3260 Ill.
332 3210 452 3262 Justinus
464 3208 572 3282 quidem
585 3229 643 3264 cru·
687 3209 831 3261 concisior-a
837 3207 1000 3260 videnturex
1006 3208 1121 3279 epitome
1130 3226 1193 3278 qua·

133 3287 260 3338 delitera
278 3288 330 3340 suis
352 3302 473 3343 necatum
498 3303 642 3356 memorat3
686 3287 748 3340 dana
761 3287 862 3340 Valerii
883 3289 1010 3340 restituta.
1033 3288 1092 3352 Qua
1113 3285 1147 3338 de
1162 3305 1191 3338 re

132 3363 184 3418 sed
200 3364 260 3435 plus
274 3365 432 3421 credendum
455 3369 585 3423 Ciceroni.
601 3403 641 3414 --
685 3368 755 3438 lege,
771 3368 792 3420 si
804 3369 904 3439 placet,
918 3367 1019 3420 Vorstii
1031 3379 1129 3418 notam.
1151 3395 1192 3408 -

131 3444 270 3499 More.
294 3445 334 3496 De
353 3465 405 3516 quo
424 3449 564 3512 lustinus,
578 3449 640 3503 XX.
686 3448 790 3499 Pariter.
812 3447 911 3500 Possim
933 3447 1011 3498 aliter.
1032 3443 1084 3496 Sed
1096 3448 1191 3513 pariter

132 3526 187 3578 Hic
203 3521 312 3576 demum
326 3525 447 3578 Corinthi
460 3526 640 3581 sordidissimo
684 3537 798 3592 rectum,
810 3524 882 3598 quod
896 3527 975 3578 etiam
986 3523 1061 3594 rign.
1074 3523 1101 3574 in
1114 3521 1194 3577 MSS.»

132 3605 196 3658 vito
216 3621 313 3674 genere
329 3604 426 3657 rictum
438 3607 527 3677 petiit,
546 3626 575 3660 ac
593 3627 640 3679 po-
684 3606 793 3660 inrenit.
808 3606 876 3659 Nam
888 3603 1064 3658 Timasitheus
1075 3603 1121 3654 sibi
1135 3603 1188 3656 hoo

131 3697 334 3754 stremopueros
342 3683 369 3734 in
377 3684 639 3750 triviisdocnit,unde
683 3686 751 3739 iacto
779 3687 959 3738 Romanorum
974 3681 1188 3736 »benevolentiam

131 3763 159 3814 in
171 3762 345 3836 proverbium
354 3763 419 3816 abiit
430 3766 547 3826 breviatae
557 3767 581 3817 is
590 3771 640 3819 lto-
683 3777 709 3818 et
721 3765 862 3818 amicitiam
874 3761 1038 3823 conciliavit,
1050 3763 1084 3814 ita
1098 3775 1129 3814 ut
1140 3763 1188 3815 ho·

129 3843 211 3913 pisiq.
222 3840 291 3894 Vide
302 3842 461 3908 rulimvl,
478 3862 510 3897 ra
522 3882 530 3909 ,
541 3845 593 3909 IX,
611 3847 636 3898 8.
682 3845 790 3916 spitium
810 3863 872 3897 cnm
886 3861 918 3896 eo
934 3843 1047 3895 iacerent
1067 3857 1092 3894 et
1108 3840 1185 3894 donis

172 3942 200 3975 a.
223 3921 373 3994 Compensat.
398 3924 431 3976 ln
450 3925 540 3978 multis
559 3922 636 3978 codd.
680 3923 769 3996 ipsum
783 3936 920 3990 ornarent,
940 3941 992 3975 non
1008 3922 1188 3984 solum-tunc,

130 4000 207 4053 MSS.
215 4013 309 4070 pensat.
323 4001 431 4057 -Vid.
447 4005 515 4058 Just.
527 4004 594 4071 XX,
609 4004 637 4057 in
681 4003 727 4057 sed
746 4003 824 4056 etiarn
839 4021 899 4074 erga
917 4015 1036 4076 posteros
1054 4003 1110 4073 ejus
1131 4021 1185 4054 sese

128 4080 177 4132 fin.
194 4091 222 4133 et
236 4081 318 4148 xxi,
335 4082 360 4136 5.
680 4083 759 4155 hujus
781 4082 904 4136 beneficii
923 4101 1052 4136 memores
1067 4079 1185 4133 ostende·

171 4157 198 4212 ³.
212 4161 376 4216 Timasitheus.
384 4161 494 4218 Factum
504 4176 543 4220 est
555 4163 635 4242 iilud,
679 4176 754 4231 rent,
768 4175 798 4218 ut
810 4162 887 4218 docet
901 4161 981 4218 Diod.
995 4161 1046 4216 Sic.
1064 4159 1140 4223 xlv,
1154 4179 1187 4232 p.
