3196 5122
388 463 465 552 254
577 463 800 532 VALERII
834 461 1040 530 MAXIMI
1073 461 1168 528 LIB.
1202 461 1277 528 111.

387 601 458 694 ipse
471 608 635 680 suaserat,
652 615 807 687 prospere
822 591 1120 677 administrassent,
1138 590 1220 660 adeo
1235 615 1449 684 perseverans

388 704 557 776 sententie
579 724 645 769 suae
661 712 889 793 propugnator
902 698 1039 783 exstitit,
1061 697 1145 764 utin
1160 698 1319 766 concione
1335 701 1453 771 aerari

386 810 521 908 quadem
541 831 578 876 se
598 829 755 874 successu
778 827 909 888 comm,
930 803 995 874 sed
1013 804 1188 872 consilium
1210 818 1326 872 ennea
1350 830 1449 877 suum

388 917 567 1010 aliqum
578 911 814 1001 nwlitssfuisse
826 909 957 980 diceret.
972 912 1049 980 Non
1063 911 1148 978 enim
1164 909 1348 994 damnavit,
1359 912 1450 1005 quod

388 1035 478 1092 recte
498 1019 637 1106 viderat,
652 1020 728 1112 quia
742 1016 831 1111 quod
844 1013 925 1086 alius
942 1016 1028 1084 male
1043 1015 1268 1099 consuluerat,
1283 1016 1369 1086 hene
1384 1043 1448 1088 ces·

387 1141 494 1210 seran
518 1125 642 1194 felicius
664 1122 743 1192 illud
763 1125 965 1210 existimans,
988 1123 1052 1192 hoc
1074 1123 1261 1217 sapientius.
1285 1121 1448 1192 Blandum

387 1236 537 1302 animum
559 1255 636 1301 sane
660 1231 837 1298 temeritati
859 1253 955 1298 casus
976 1228 1070 1314 lacit,
1098 1228 1153 1298 ubi
1183 1251 1288 1324 pravo
1311 1229 1448 1298 consilio

389 1339 549 1434 propitius
569 1336 731 1431 adspirat;
749 1359 879 1430 quoque
900 1335 1125 1404 vehementius
1148 1329 1280 1422 noceat,
1302 1335 1447 1430 inspera-

389 1448 454 1514 tius
471 1444 614 1538 prodest.
628 1441 750 1512 Placidi
765 1457 798 1512 et
812 1441 1056 1529 misericordes,
1067 1456 1101 1510 et
1114 1439 1278 1528 liberales,
1292 1442 1449 1534 omnique

390 1553 550 1622 suavitate
570 1549 742 1642 temperati
762 1573 870 1616 mores
889 1547 1063 1616 Phocionis
1086 1573 1093 1614 :
1116 1571 1199 1640 quos
1221 1547 1347 1640 optime
1368 1571 1448 1640 pro-

389 1657 476 1727 fecto
496 1679 674 1726 consensus
692 1654 839 1724 omnium
856 1652 1018 1722 bomtam
1031 1655 1227 1746 cognomine
1243 1651 1448 1722 decorandos

389 1763 533 1834 censuit:
551 1763 659 1855 itaque
672 1761 872 1846 constantia,
891 1783 963 1852 quae
979 1774 1098 1831 natura
1114 1757 1254 1852 rigidior
1263 1757 1447 1844 videbatur,

389 1867 469 1940 lenis
491 1893 509 1938 e
531 1881 702 1938 mansueto
721 1881 855 1961 pectore
873 1865 975 1936 fluxit

445 1997 477 2070 3.
494 1998 654 2070 Socratis¹
678 2014 786 2068 autem
813 1996 973 2068 virilitatis
993 1995 1113 2066 robore
1131 1995 1281 2094 palliatus
1305 1997 1447 2084 animus,

390 2105 555 2200 eliquanto
569 2106 773 2202 praefractius
786 2106 1035 2201 perseverantiae
1047 2103 1234 2198 exemplum
1249 2103 1361 2172 edidit.
1372 2105 1447 2172 Uni·

389 2235 484 2282 versa
505 2215 620 2282 civitas
639 2213 887 2281 Atheniensium
901 2211 1102 2307 iniquissimo
1116 2235 1154 2278 ac
1170 2207 1447 2279 truculentissimo

388 2341 501 2388 errore
522 2320 690 2403 instincta,
710 2319 751 2386 de
774 2320 879 2413 capite
904 2314 1036 2388 deccm²
1059 2331 1257 2412 praetorum,
1283 2318 1338 2410 qui
1361 2315 1447 2410 apud

390 2425 568 2516 Arginusus
578 2423 860 2492 Lacedaemoniam
873 2423 1007 2494 classem
1021 2423 1224 2508 deleverant,
1239 2425 1367 2492 tristem
1381 2447 1447 2490 sen-

389 2531 524 2596 tentiam
540 2528 669 2598 tulerat.
688 2533 785 2598 Forte
803 2545 882 2600 tunc
900 2531 971 2624 ejus
986 2531 1155 2626 potestatis
1170 2531 1338 2616 Socrates,
1355 2528 1445 2620 cujus

389 2743 489 2798 bellurn
513 2743 672 2818 suscipiendi
692 2745 831 2798 consilium
848 2745 895 2800 de·
983 2765 1007 2800 1.
1023 2743 1210 2800 Sminvid.
1225 2743 1350 2816 Xenoph.
1367 2743 1444 2796 Mem.

389 2821 444 2878 dit·
464 2825 550 2896 Capto
569 2823 666 2878 deinde
685 2826 780 2892 Pireo,
797 2845 845 2878 nec
862 2825 895 2878 sd
939 2827 988 2880 IV.
1003 2827 1076 2880 Pluto
1088 2825 1116 2878 in
1126 2826 1193 2898 apol.
1206 2823 1278 2877 Soor.
1290 2823 1387 2876 AEliau.
1397 2823 1445 2888 111,

388 2903 598 2977 recuperandum
611 2906 719 2972 umeri,
728 2924 777 2959 nec
790 2907 896 2960 ermetis
943 2924 987 2976 ¹7·
1003 2937 1043 2948 -
1056 2905 1185 2958 Pollicitus.
1195 2903 1261 2958 cod.
1277 2902 1379 2956 schotti
1393 2903 1445 2954 vel·

389 3003 498 3056 preesse
508 2985 602 3039 voluit.
614 2985 682 3039 Nem
692 2986 848 3056 optimatum
861 2985 897 3040 la·
940 2985 1016 3045 latus,
1038 2983 1110 3054 quod
1132 2983 1236 3038 Gudius
1258 2995 1284 3036 et
1301 2983 1445 3036 Turranius

390 3065 457 3128 ctio,
467 3066 494 3117 in
508 3084 560 3136 qna
574 3078 600 3118 et
615 3065 733 3118 Phocion
747 3078 818 3130 erat,
835 3083 897 3117 cum
940 3065 1091 3135 proferunt.

390 3142 538 3198 Cassandro
549 3143 690 3210 sentiebat,
700 3145 839 3215 populures
849 3140 898 3196 Po·
982 3163 1006 3196 a.
1017 3141 1113 3194 Decem.
1126 3141 1231 3194 Rectius
1240 3154 1313 3205 octo,
1321 3141 1444 3212 quomam

390 3223 571 3294 lysperehonti
595 3223 725 3274 favebant.
753 3221 803 3276 Sed
828 3235 898 3293 post·
940 3221 1033 3276 Conon
1046 3234 1072 3274 et
1085 3223 1139 3274 Leo
1150 3241 1204 3273 non
1216 3221 1391 3273 interfuerunt
1404 3221 1443 3272 isti

390 3321 485 3374 quarn,
505 3313 625 3372 suscepto
645 3301 731 3366 hello,
747 3302 838 3372 pulsus
859 3313 898 3354 est
939 3299 1040 3372 prelio.
1060 3300 1187 3353 Pretores
1202 3299 1260 3352 illos
1275 3299 1444 3352 Athenienses

392 3379 551 3446 Cassander,
567 3379 791 3450 Polysperchonte
810 3378 896 3445 duce,
939 3377 1111 3444 damnarunt,
1123 3377 1209 3450 quod,
1219 3379 1329 3432 victorie
1340 3395 1355 3430 a
1367 3377 1444 3431 Lace·

390 3459 530 3514 Phocionis
545 3459 685 3512 consilium
701 3459 788 3511 minus
803 3461 897 3530 probe·
940 3455 1075 3512 demoniis
1089 3471 1235 3528 reportate,
1248 3471 1359 3530 propter
1372 3475 1444 3510 exor-

390 3539 443 3592 hile
464 3540 550 3592 visum
570 3551 617 3591 est.
638 3537 709 3589 Tum
729 3537 847 3590 Phocion
867 3537 895 3590 in
939 3549 992 3590 tem
1013 3549 1208 3610 tempestatem,
1224 3555 1282 3608 quse
1305 3537 1445 3589 Athenien·

391 3617 517 3670 concione
551 3615 749 3671 Atheniensium
783 3616 896 3672 fortune
940 3617 1007 3669 sium
1030 3615 1135 3670 classem
1158 3615 1311 3688 disjecerat,
1332 3616 1444 3668 militum

391 3697 534 3768 gratulatus
541 3687 660 3762 et,etde
667 3709 895 3769 prosperoeveutu
939 3713 1064 3748 cesorum
1081 3713 1192 3768 corpora
1210 3715 1264 3750 non
1282 3695 1443 3766 sepelierant.

390 3777 507 3840 lntntns3
524 3789 551 3829 at
566 3777 704 3830 consilium
718 3795 794 3829 sunm
809 3789 895 3830 tamen
939 3807 979 3819 -
991 3776 1137 3846 Argenuus.
1152 3776 1280 3848 Arginusis
1294 3775 1378 3828 insule
1391 3775 1444 3826 erl·

390 3857 525 3928 aliquanto
541 3855 629 3909 senius
646 3857 725 3910 luisse
746 3855 894 3910 affirmnvit.
939 3873 988 3926 gun
1003 3855 1088 3908 Lesbo
1098 3851 1217 3926 adjacens
1231 3856 1299 3906 inter
1311 3853 1445 3925 Methym·

392 3936 450 4000 Qua
459 3937 487 3988 in
499 3955 528 3988 re
538 3949 565 3989 et
574 3937 687 4008 gravitas
699 3934 858 3990 admirabilis
869 3949 896 3990 et
939 3953 999 3987 uam
1021 3947 1047 3986 et
1065 3935 1220 4006 Mytilenen.
1235 3932 1300 3986 vid.
1322 3933 1390 3986 Plin.
1410 3933 1445 3997 V,

391 4011 517 4068 diuturna
536 4016 588 4069 viri
602 4017 747 4070 constantia
766 4017 818 4070 suit
831 4035 895 4071 oon·
941 4015 987 4067 31.
1002 4014 1096 4068 Strabo
1112 4015 1193 4080 xm,
1203 4027 1254 4066 tres
1268 4018 1445 4067 numeratu*-

391 4091 489 4163 spicue.
939 4091 1443 4164 ginusesmodicoiutervallodistantes.
