3168 5124
309 574 416 644 CAP.
445 575 521 663 vt,
548 575 618 644 DE
646 577 770 645 FIDE
799 579 1039 650 PUBLICA.
1137 583 1214 681 459

145 704 281 790 feciales
296 704 413 802 legatis
434 705 577 794 dedidit,
594 725 870 828 quaestoremque
889 736 966 780 cum
983 713 1036 780 lu's
1056 717 1216 786 Brundu-

143 818 230 882 st'um
250 819 299 884 ire
313 814 434 908 jussit3
452 839 494 883 ne
514 839 615 910 quam
630 816 665 883 in
685 815 836 886 itinerea
857 819 1006 914 cognatis
1028 819 1217 895 deditorum

142 921 296 1014 injuriam
319 922 516 1017 acciperent.
544 919 641 991 Illam
658 924 784 992 curiam
803 924 993 995 mortalium
1015 929 1089 1022 quis
1104 932 1216 1000 conci·

145 1026 258 1116 lium',
285 1053 324 1097 ac
349 1053 418 1098 non
441 1027 533 1097 Fidei
552 1029 715 1126 templum
738 1030 884 1102 dixerit?
906 1033 1017 1153 Quam
1039 1049 1078 1104 ut
1100 1037 1218 1108 civitas

144 1149 260 1204 nostra
280 1160 412 1232 semper
432 1135 611 1231 benignam
633 1138 804 1230 praestitit,
822 1140 868 1209 ita
885 1141 920 1209 in
940 1142 1107 1212 sociorum
1129 1169 1217 1238 quo-

145 1265 210 1336 que
232 1243 351 1312 animis
373 1255 581 1314 constantem
600 1245 804 1339 recognovit.

186 1434 241 1488 nn
261 1433 364 1488 mon
384 1434 596 1500 suamet,
612 1434 741 1501 Quen
761 1435 964 1492 conuerte
982 1424 1181 1495 nxr'nam.

207 1613 237 1658 t.
255 1589 346 1657 Nam
362 1601 439 1682 post
453 1587 597 1657 duorum
612 1587 646 1655 in
660 1589 823 1684 Hispania
841 1591 1050 1685 Scipionum,
1066 1593 1219 1662 totidem·

148 1720 214 1790 que
234 1694 364 1762 romani
386 1695 555 1788 sanguinis
574 1696 779 1764 exercituum
800 1696 1020 1767 miserabilem
1041 1713 1187 1794 stragem
1197 1698 1221 1788 ²,

150 1802 325 1896 Saguntini
344 1799 534 1869 victricibus
553 1800 747 1870 Hannibalis
762 1805 861 1871 armis
878 1804 965 1872 intra
986 1807 1109 1874 moenia
1129 1807 1220 1877 urbis

151 1932 219 1976 suae
240 1905 423 2001 compulsi,
439 1931 542 2000 quum
557 1909 624 1975 vim
644 1909 800 2002 punicam
820 1907 957 1979 ulterius
979 1913 1156 2006 nequirent.
1168 1915 1220 1982 ar·

151 2038 246 2102 cere,
269 2012 395 2083 collatis
412 2014 446 2080 in
469 2013 604 2102 forum,
626 2039 700 2108 quae
720 2015 898 2110 unicuique
920 2031 1016 2087 erant
1034 2020 1221 2110 carissima,

152 2134 252 2214 atque
270 2119 416 2214 undique
437 2120 649 2189 circumdatis
666 2123 877 2217 accensisque
892 2124 976 2216 ignis
993 2125 1221 2214 nutrimentis,

151 2251 194 2295 ne
212 2251 233 2294 a
253 2228 409 2296 societate
434 2241 549 2296 nostra
568 2225 812 2316 desciscerent,
835 2227 970 2324 publico
992 2245 1026 2300 et
1050 2233 1221 2301 communi

152 2359 235 2427 rogo
253 2334 421 2428 semetipsi
439 2334 697 2428 superjecerunt.
723 2335 929 2404 Crediderim
951 2339 1152 2433 tunc'ipsam
1172 2341 1220 2406 Fi·

152 2439 230 2509 dem
252 2440 399 2508 humana
416 2442 549 2534 negotia
564 2439 807 2536 speculantem,
825 2457 979 2512 moestum
998 2446 1135 2538 gessisse
1149 2444 1222 2512 vul·

153 2562 242 2635 tum;
254 2549 615 2642 perseverantissimum
634 2549 685 2616 sui
699 2547 827 2618 cultum
845 2550 964 2644 iniquae
978 2550 1119 2622 fortunae
1133 2551 1220 2646 judi·

154 2655 206 2723 cio
228 2669 295 2722 tam
316 2653 437 2724 acerbo
464 2657 553 2725 exitu
573 2654 768 2724 damnatum
788 2671 991 2727 cernentem.

210 2760 360 2830 mIdem
354 2761 569 2892 praestando
588 2760 738 2831 Petellini
759 2762 913 2831 eumdem
933 2761 1037 2834 laudis
1059 2764 1223 2833 honorem

154 2852 387 2938 meruerunt³:
405 2869 448 2937 ab
469 2868 674 2957 Hannibale,
691 2870 769 2963 quia
786 2867 928 2938 deficere
944 2893 964 2937 a
982 2884 1096 2940 nostra
1110 2872 1222 2940 amici·

199 3082 223 3117 1.
234 3062 375 3125 Concilm
384 3082 478 3115 aenon.
487 3063 597 3135 Aqutrot
603 3061 665 3116 edd.
710 3081 778 3115 mus.
795 3064 835 3114 De
849 3062 957 3132 Sagunti
968 3063 1038 3116 tristi
1052 3062 1156 3117 excidio
1167 3064 1223 3118 vid.

156 3143 291 3196 consilium,
307 3137 454 3194 Torrenius
468 3159 534 3195 vero
552 3144 592 3196 nil
607 3161 668 3195 mu·
710 3142 999 3196 Lim-Descisrmat.
1011 3143 1052 3197 Ita
1064 3163 1096 3196 ex
1109 3143 1166 3198 MS.
1174 3143 1224 3196 Su·

156 3221 270 3277 tandum
282 3241 338 3276 esse
350 3234 441 3294 putat,
456 3221 528 3292 quod
543 3223 668 3294 frequen·
711 3223 785 3276 siano
815 3223 925 3294 Pighius
948 3221 1042 3277 edidit.
1066 3226 1156 3276 Recte.
1180 3225 1225 3277 Sic

157 3315 199 3357 ter
208 3302 280 3376 apud
289 3303 344 3356 Cic.
355 3302 471 3355 occurrit
480 3304 605 3354 concilium
615 3302 669 3354 deo·
712 3303 784 3356 enim
797 3303 856 3356 Liv.
873 3303 968 3369 v1‚et
980 3304 1053 3357 alibi.
1070 3301 1153 3356 Aldus
1167 3303 1226 3374 defi-

159 3404 219 3437 rum.
234 3385 287 3436 Pro
298 3403 328 3434 cc
338 3401 386 3435 uon
397 3383 519 3435 Perizon.
530 3401 561 3435 ex
573 3383 668 3454 Copes.
712 3395 805 3448 serent,
822 3381 1047 3456 Chalcocondyles
1068 3383 1221 3447 desr'stertnt,

158 3466 234 3516 malit
255 3485 296 3518 an.
318 3465 441 3528 Quatuor
470 3463 548 3516 MSS.
571 3483 668 3523 annon,
713 3461 786 3534 quod
802 3461 907 3516 duobus
922 3463 1136 3518 aliisTorrenius
1152 3477 1226 3517 ante·

159 3543 232 3598 unde
246 3544 359 3596 Torren.
378 3543 486 3616 conjicit
500 3563 570 3595 anne.
712 3544 802 3616 ponit,
818 3543 892 3614 quia,
908 3563 992 3615 quum
1005 3543 1057 3597 illis
1069 3545 1224 3610 conveniat,

203 3644 229 3677 a.
245 3623 365 3693 Stragem.
378 3625 429 3676 An.
439 3625 474 3676 U.
490 3622 555 3688 534.
567 3623 671 3686 Livius,
713 3624 761 3696 qui
773 3624 845 3678 ultro
857 3621 938 3676 fidem
952 3624 1061 3690 fallunt,
1073 3624 1184 3676 desistere
1195 3625 1224 3676 in

161 3706 236 3758 XXI.
254 3703 389 3774 Sagrmtrun
406 3717 493 3757 autem
512 3704 590 3756 initio
610 3703 673 3756 belli
714 3723 759 3756 eos
772 3702 854 3775 magis
866 3703 995 3774 quadrare
1006 3702 1182 3775 videtur,qui
1195 3705 1227 3756 il·

159 3785 256 3838 Punici
268 3785 297 3836 II
312 3783 431 3837 dirutum
445 3797 498 3849 est;
515 3785 600 3836 multo
613 3796 673 3854 post
714 3785 768 3838 lam
780 3785 865 3837 colere
875 3782 1102 3850 desinunt,coacti
1114 3785 1226 3838 necessi-

161 3863 513 3936 Scipionumcladesevenit.
521 3865 609 3929 Quare
618 3877 674 3914 aute
716 3875 777 3916 tate.
787 3861 935 3930 videtu,
947 3868 979 3930 6,
997 3883 1021 3917 a.
1035 3895 1076 3906 -
1092 3863 1225 3935 Semetipsi.

159 3945 263 4016 legere,
276 3957 302 3997 et
325 3957 441 4009 textum,
457 3956 488 3996 ut
503 3944 612 4016 saepius,
626 3943 675 3996 im·
717 3943 810 3996 Plures
823 3943 898 3998 MSS.
914 3956 986 3995 semet
1001 3947 1077 4014 ipsos,
1095 3943 1142 3996 sed
1156 3942 1226 3998 illud
1280 3973 1281 3978 =

161 4038 265 4078 mutare
273 4043 374 4095 ,quam
386 4025 524 4077 Valerium
540 4042 618 4076 suum
634 4043 674 4075 er·
718 4024 873 4076 auctoritate
889 4024 1025 4078 Ciceronis
1044 4025 1151 4096 praefert
1177 4026 1226 4115 As·

161 4106 230 4158 roris
248 4124 357 4176 arguere
372 4105 472 4157 mavult
485 4103 613 4174 Pighius,
626 4103 673 4156 sed
716 4103 828 4157 censius.

162 4187 243 4238 nullis
262 4183 341 4238 codd.
357 4184 591 4238 consentientibus.
607 4182 673 4236 Inde
758 4184 785 4237 3.
806 4183 953 4236 Meruerunt.
968 4185 1018 4236 tn.
1031 4183 1066 4236 U.
1088 4184 1153 4255 537
1166 4185 1226 4236 Liv.

163 4266 251 4335 potius
266 4265 380 4318 auctoris
369 4265 477 4318 serrari
501 4265 552 4316 hoc
571 4264 671 4316 tribna-
718 4265 818 4330 Xlllll,
828 4263 1150 4336 30;Atheu.dipnosoph.
1162 4265 1228 4330 x11;
