3184 5132
400 529 470 601 170
584 507 808 576 VALERII
840 507 1047 578 ΜΔΧΙΜΙ
1080 508 1175 576 LIB.
1205 508 1255 576 11.

392 636 456 707 laeti
474 637 564 734 quod
577 639 763 734 Scipionem
784 640 902 713 vidisse
922 641 1132 736 contigisset,
1150 640 1194 710 sd
1207 639 1291 710 lenes
1310 657 1455 712 reverie-

392 759 479 832 runt„
507 745 597 834 Quid
619 745 684 816 boc
704 745 814 818 fructu
841 747 1018 840 majestatis
1045 745 1226 817 excelsius?
1244 746 1325 842 quid
1349 751 1452 820 etism

388 850 588 942 jucundius?
597 854 707 922 Hostis
723 855 805 922 iram
818 853 1034 923 admiratione
1043 855 1093 923 sui
1102 852 1261 948 placavit:
1271 868 1450 948 spectacu-

390 953 423 1024 lo
439 959 619 1054 praesentire
633 985 699 1030 suae
709 957 873 1030 latronum
888 962 1061 1054 gestientes
1074 959 1188 1030 oculos
1205 959 1448 1056 obstupefecit¹.

389 1061 532 1158 Delapsa
552 1063 632 1133 caelo
650 1064 772 1134 sidere'
793 1066 980 1136 hominibus
998 1069 1024 1136 si
1043 1091 1078 1136 sc
1093 1065 1252 1154 offerant,
1263 1069 1449 1138 venenuo

389 1170 438 1238 nis
457 1169 597 1264 emplius
617 1195 685 1240 non
701 1171 867 1268 recipient„

445 1273 476 1345 3.
505 1279 549 1345 Et
567 1276 638 1346 hnc
656 1277 789 1372 quidem
808 1281 885 1348 vivo
905 1279 1071 1374 Scipioni:
1087 1278 1167 1348 illud
1185 1293 1296 1350 sutem
1314 1279 1449 1350 AEmilio

390 1368 520 1450 Paullo³
535 1385 676 1452 exanimi
690 1385 837 1480 contigit.
859 1387 946 1454 Nem
966 1409 1068 1479 qsmm
1093 1387 1253 1478 exsequier
1274 1385 1344 1478 ejus
1359 1383 1446 1454 cele-

387 1487 581 1572 brarentur,
601 1513 640 1558 ec
655 1490 741 1559 forte
764 1505 845 1560 tunc
866 1493 1030 1586 principes
1053 1491 1258 1562 Macedonici
1274 1489 1448 1586 legationis

387 1595 520 1662 nomine
535 1597 650 1664 Βοιηω
662 1611 888 1681 morarentur,
903 1596 1034 1666 funebri
1050 1584 1156 1666 lecto⁴
1166 1611 1282 1692 sponte
1297 1621 1355 1668 sus
1373 1621 1447 1666 sese

387 1699 605 1792 subjecerunt.
625 1702 727 1792 Quod
747 1702 915 1797 eliquanto
933 1703 1039 1796 majus
1056 1703 1234 1792 videbitur,
1252 1705 1280 1774 si
1296 1704 1370 1798 quis
1386 1727 1444 1772 oo·

387 1822 525 1898 gnoson
535 1861 544 1894 ,
556 1806 630 1878 lecti
649 1807 734 1878 illius
751 1792 1140 1880 frontem⁵mscedonicis
1152 1809 1329 1904 triumphis
1346 1809 1445 1880 fuisoe

385 2035 496 2073 smmum
511 2031 537 2070 et
550 2019 658 2084 similis,
679 2037 738 2090 qun
753 2031 813 2072 ente
827 2017 891 2072 deo·
934 2018 996 2072 dem
1016 2017 1097 2074 modo
1119 2019 1305 2072 efferebsnusr.
1328 2017 1443 2070 Ditiores

385 2115 444 2148 rum
455 2097 644 2151 immortalium
653 2098 792 2152 simulacre
804 2099 831 2152 in
842 2095 891 2150 do·
934 2099 1013 2160 hren,
1039 2111 1066 2150 et
1080 2095 1187 2170 quidem
1203 2093 1338 2149 interdum
1356 2097 1442 2168 pluri-

383 2194 447 2227 num
459 2179 569 2246 mnjores
579 2197 677 2248 ponere
686 2191 891 2240 consueverunt,
934 2179 983 2230 mis
997 2173 1054 2238 (uti
1070 2175 1104 2230 de
1119 2177 1150 2228 L.
1165 2174 1290 2228 Cornelio
1304 2175 1441 2246 proditum

382 2273 413 2306 ee
423 2255 561 2326 predones
571 2269 632 2308 unte
640 2255 768 2328 Scipionis
780 2255 891 2310 domum
933 2267 986 2321 ess,
999 2273 1042 2309 sex
1056 2255 1137 2308 millis
1149 2255 1278 2307 lectorum
1289 2273 1349 2310 enm
1362 2256 1391 2308 in
1401 2257 1443 2308 iu·

381 2332 499 2404 deposiss
517 2337 690 2407 reliquerunt.
706 2367 747 2380 -·
760 2337 806 2390 Ad
817 2339 886 2388 lares·
932 2355 995 2390 nere
1007 2331 1159 2400 babuisse);
1170 2334 1296 2388 tenuioris
1304 2335 1442 2388 saresbo-

381 2413 477 2466 Decem
490 2414 564 2468 MSS.
578 2413 679 2469 addunt
688 2420 806 2488 proprios.
821 2417 889 2469 Fru·
932 2416 1015 2467 mines
1024 2414 1123 2484 capulis
1132 2431 1177 2465 scu
1186 2413 1288 2465 feretris
1295 2427 1358 2468 sunt
1366 2413 1440 2467 elsti.

380 2503 442 2544 stre.
463 2492 529 2546 cod.
544 2495 677 2548 Wessinu.
697 2507 841 2548 commutat
860 2497 887 2546 in
930 2491 984 2557 Qui
1001 2493 1080 2544 innns
1096 2493 1334 2564 prosequebantur,
1354 2505 1440 2562 peslu-

380 2571 478 2624 chem.
500 2573 578 2626 Male.
594 2574 707 2626 Torren.
728 2575 834 2644 conjicit
855 2573 891 2624 ad
929 2572 994 2624 bsnt
1015 2572 1137 2624 menibus
1158 2570 1296 2635 candelas,
1321 2572 1441 2638 lmun,

380 2669 466 2712 navo,
480 2651 524 2704 vis
537 2653 639 2708 melius.
651 2655 774 2706 florerem
791 2671 837 2704 seu
853 2672 889 2704 re-
929 2651 1010 2716 isces,
1024 2649 1096 2706 unde
1104 2653 1180 2718 sunus
1193 2669 1208 2702 s
1221 2651 1330 2706 funibus
1345 2669 1440 2706 eccen-

380 2733 438 2782 serti
449 2731 484 2784 ad
493 2731 555 2784 lam
569 2750 657 2784 noune
671 2731 838 2786 usitatissime
851 2732 889 2784 lo·
928 2731 971 2783 sis.
989 2731 1149 2802 Plerumque
1162 2731 1233 2784 euim
1248 2743 1329 2782 noctu
1345 2731 1442 2784 eliese-

379 2809 478 2880 qnendi
493 2811 561 2864 ratio
572 2830 622 2882 pro
637 2811 730 2862 domum
744 2809 786 2862 vel
802 2815 827 2862 in
838 2831 886 2882 pa·
929 2811 993 2862 bant
1008 2807 1149 2875 cadevera,
1161 2811 1196 2862 ob
1212 2807 1334 2862 diurnam
1349 2829 1440 2863 secro-

381 2893 450 2940 m'an
465 2888 573 2943 redire?
929 2907 989 2942 rum
1002 2889 1212 2942 celebrationem.
1223 2887 1387 2942 Crederes-um
1398 2889 1441 2942 iu-

421 2967 886 3041 r.Obstnpeseoit.Underigiuticodi·
928 2968 1437 3039 necetoresoesposenoupiilonssdicti.

379 3066 421 3099 ces
441 3049 519 3112 vidin-
534 3050 562 3102 in
578 3069 632 3104 uno
645 3047 736 3102 codice
753 3050 885 3118 stupefecit.
928 3045 999 3118 quod
1018 3049 1167 3119 vespertino
1185 3060 1305 3120 tempore
1318 3059 1440 3102 normes

379 3125 459 3180 Unde
465 3129 609 3181 Torrenius
617 3128 724 3200 conjicit
736 3128 887 3180 oidieessns·
927 3125 1072 3179 conderent
1078 3127 1214 3198 sepulcris.
1225 3127 1298 3180 Dicti
1304 3127 1384 3181 elisus
1393 3128 1438 3180 de-

376 3209 481 3276 pesecis,·
500 3221 592 3272 acute,
611 3207 657 3261 sed
673 3221 760 3260 temen
776 3225 830 3260 non
849 3207 885 3258 its
927 3209 1070 3275 signatores,
1088 3207 1134 3278 qui
1153 3205 1321 3278 ‹10de·
1329 3208 1439 3261 immi-i

378 3287 567 3356 probabiliter,
583 3288 655 3340 utin
671 3299 772 3340 testum
793 3285 884 3340 lectio-
927 3285 1437 3358 pompaprnsrsut.-Csdsvemqn

378 3383 438 3418 nem
455 3368 572 3440 recipere
586 3365 735 3419 audeamus.
927 3365 979 3416 lots
1001 3379 1101 3436 septem
1120 3365 1224 3418 dierum
1243 3365 1332 3438 specio
1349 3385 1437 3420 servs-

420 3465 445 3498 s.
466 3446 561 3499 Sidene.
585 3446 637 3498 Pro
658 3446 705 3497 diis
728 3457 884 3516 ponuntur,
926 3444 1003 3508 bsnt,
1018 3445 1435 3516 oondsmsntesperimemlls:

378 3525 516 3594 quomam,
536 3527 667 3597 preclaris
685 3525 839 3578 bominibus
857 3525 884 3576 in
927 3521 989 3576 inde
1001 3525 1134 3594 ungebant
1142 3524 1331 3596 pollinctorum
1339 3543 1437 3597 opere,

378 3601 489 3656 deorum
512 3623 652 3657 numerum
671 3605 771 3669 relatis,
792 3621 884 3656 eorum
926 3604 973 3674 qni
987 3613 1107 3656 mortuos
1121 3605 1259 3666 curebms,
1280 3617 1306 3656 et
1319 3602 1438 3676 deniqne

378 3683 485 3734 nomine
498 3681 626 3736 sideribus
641 3683 700 3738 dete
716 3697 784 3736 sunt.
926 3681 1437 3755 condideresteorusbsntprius,qnm

420 3761 445 3814 3.
461 3763 566 3816 AEms'lio
578 3763 675 3816 Paullo.
697 3765 746 3815 An.
764 3764 798 3814 U.
817 3764 881 3830 593.
926 3761 1051 3816 sument
1062 3781 1069 3816 :
1080 3776 1189 3834 oretque
1198 3762 1243 3814 ills
1255 3763 1284 3815 in
1293 3763 1389 3816 funem
1399 3777 1436 3816 te·

378 3840 511 3894 Plutarch.
521 3843 609 3896 AEmil.
618 3845 668 3912 39,
681 3861 709 3913 p.
720 3843 788 3905 32²,
800 3841 886 3894 [Εωί-
927 3844 1031 3895 oltoem
1041 3843 1141 3914 vnlpsri
1151 3841 1335 3913 togsvnlpsu,
1346 3844 1437 3896 inus·

379 3920 437 3978 lius.
455 3918 555 3974 devicte
576 3921 730 3974 Macedonis
746 3934 772 3974 et
786 3921 883 3985 Iberis,
927 3921 1077 3993 gisusfibns
1091 3933 1151 3992 toga
1168 3934 1310 3994 precenta,
1327 3923 1357 3974 in
1372 3941 1435 3976 ceu·

379 4017 460 4068 quum
468 4001 535 4052 CCL
542 4001 639 4072 oppida
651 4002 816 4073 cepisset‚ne
828 3998 885 4054 dre·
927 4001 1030 4054 sceibus
1050 4014 1104 4054 tots
1122 4019 1265 4072 purpurea.
1281 4002 1437 4056 Eueno-m

379 4077 454 4131 cbmn
468 4077 547 4132 ditior
558 4082 585 4133 in
600 4082 713 4152 petrium
726 4078 814 4132 rediit.
926 4081 1006 4134 etism
1021 4093 1140 4134 mortuos
1155 4079 1188 4133 sd
1201 4079 1302 4134 tibism.

418 4164 443 4222 4'.
457 4158 563 4212 Funebri
575 4159 642 4212 lecto.
657 4160 718 4211 Non
732 4177 823 4211 omnes
837 4177 883 4211 eo·
971 4159 995 4212 i.
1017 4161 1084 4212 Lecti
1104 4161 1168 4212 illisis
1182 4162 1297 4226 frontem.
1319 4159 1439 4213 Primum
