3190 5122
287 449 289 460 '
379 474 457 564 aas
581 474 808 544 venenu
836 473 1237 544 mextenum.

379 626 414 680 et
427 608 608 704 hospitium
630 606 831 678 adolescenti
851 607 1076 705 expediretur,
1095 621 1129 676 et
1152 607 1279 696 omnia,
1304 631 1378 702 quae
1404 609 1446 678 ad

379 715 601 786 valetudinem
622 739 708 811 opus
723 728 849 801 essent,
869 713 1110 809 preberentur,
1127 715 1347 810 impensaeque
1366 713 1448 785 libe-

305 848 309 859 ·
380 822 491 894 relitcr
511 847 588 892 cum
609 822 687 916 ipsi,
707 834 778 890 tum
798 823 858 889 toti
876 821 1047 918 comitatui
1068 834 1323 916 prostarentur3
1344 847 1447 894 naves

381 933 480 1001 etiem
494 943 532 998 ut
545 930 830 1024 prospicerentur,
843 927 962 1022 quihus
976 951 1010 998 se
1025 927 1109 996 benc
1124 951 1164 996 ac
1184 941 1257 998 tuto
1279 953 1357 998 cum
1379 931 1446 999 suis

383 1039 417 1106 in
435 1035 581 1106 Africam
601 1033 803 1128 trajiceret¹:
826 1034 990 1129 equitibus
1010 1033 1154 1129 singulas
1175 1032 1275 1104 libras
1299 1037 1447 1129 argenti,

382 1157 417 1214 ct
431 1145 614 1238 quingenos
632 1143 798 1210 sestertios
816 1140 888 1210 dari
905 1143 1089 1236 imperavit.
1109 1143 1193 1230 Quae
1208 1155 1275 1210 tarn
1291 1157 1446 1236 prompte

383 1263 505 1320 ettam
529 1248 689 1343 exquisita
715 1262 846 1342 patrum
874 1249 1139 1342 conscriptorum
1164 1247 1353 1318 humanitas
1382 1247 1447 1318 effi·

384 1381 459 1427 cere
477 1357 603 1450 potuit,
627 1367 681 1441 ut,
704 1356 831 1424 etiamsi
855 1357 1052 1449 exspirasset
1075 1353 1282 1442 adolescens,
1303 1356 1447 1449 aequiore

383 1464 493 1532 animo
520 1460 717 1532 desiderium
741 1461 811 1554 ejus
839 1475 933 1556 pater
956 1459 1120 1531 toleraret.
1155 1459 1268 1530 ldem'
1293 1475 1446 1548 senams,

383 1594 485 1664 quum
503 1568 545 1638 ad
559 1564 791 1687 gratulandum
808 1567 869 1638 sibi
882 1570 1032 1638 Prusiam
1049 1569 1209 1662 Bithyniae
1223 1570 1334 1664 regcin
1348 1570 1448 1638 Perse

384 1677 516 1746 devicto
532 1676 646 1744 venire
666 1674 827 1762 audisset,
841 1675 974 1744 obviam
988 1674 1033 1744 illi
1055 1677 1090 1744 Ρ.
1111 1673 1312 1746 Cornelium
1322 1676 1446 1769 Scipio·

384 1807 461 1852 nem
483 1795 680 1876 quaestorem
701 1783 851 1876 Capuam
873 1781 983 1850 misit.
1003 1782 1228 1912 censuitque,
1224 1796 1262 1850 ut
1278 1781 1444 1851 domus
1416 1805 1446 1849 er

385 1891 501 1958 Roma*
519 1913 618 1984 quam
637 1889 763 1984 optima
779 1887 1043 1976 conduceretur,
1060 1903 1093 1958 et
1106 1873 1228 1984 copioe³
1249 1913 1318 1958 non
1340 1886 1447 1958 solum

385 1997 464 2090 ipsi,
490 1994 547 2065 sed
569 1995 667 2064 etiarn
689 1995 922 2066 comitibus
894 2021 964 2090 ejus
975 1993 1121 2115 'publice
1146 1995 1424 2118 preberentur!
1415 2019 1448 2064 ιιι

386 2127 491 2197 eoque
517 2101 711 2220 excipiendo
734 2116 805 2172 tota
824 2101 903 2172 urbs
925 2103 1022 2172 unius
1045 2102 1181 2172 humani
1205 2105 1303 2172 amici
1294 2101 1447 2172 vultum

386 2209 510 2278 habuit.
523 2211 639 2345 Itpque
657 2209 713 2302 qui
727 2209 970 2278 amantissimus
992 2211 1096 2278 nostri
1113 2223 1250 2278 venerat
1259 2207 1449 2304 ,duplicate

386 2339 464 2409 erga
483 2339 544 2382 nos
551 2301 827 2384 benevolentia'
819 2339 852 2384 in
870 2340 1009 2410 regnum
1022 2339 1120 2386 suum
1137 2339 1288 2385 reversus
1305 2328 1365 2384 cst
1380 2317 1448 2384 Nec

388 2421 548 2514 AEgyptus
571 2419 715 2549 quidem
731 2445 876 2490 romanae
900 2422 1114 2490 humanitatis
1137 2445 1253 2518 expers
1280 2421 1351 2490 luit.
1379 2423 1449 2490 Rex

388 2525 475 2594 enim
499 2511 715 2594 Ptolemaeus⁵
743 2549 763 2594 a
784 2551 911 2596 minore
934 2527 1035 2597 fratre
1065 2551 1169 2622 regno
1193 2526 1369 2648 spoliatus,
1394 2552 1449 2622 pe·

389 2630 479 2700 tendi
490 2629 601 2700 auxilii
620 2633 727 2724 gratia
747 2656 823 2701 cum
843 2636 956 2728 paucis
974 2634 1153 2704 admodum
1166 2637 1287 2722 servis,
1299 2632 1449 2728 squalore

389 2735 530 2825 obsitus,
550 2737 692 2806 Romam
711 2753 862 2828 venerat,
882 2765 922 2809 ac
941 2765 976 2810 se
995 2743 1027 2808 in
1046 2741 1225 2836 hospitium
1248 2739 1447 2810 alexandrini

390 2845 529 2965 pictoris
542 2843 735 2914 contulerat.
753 2843 794 2914 ld
816 2859 991 2940 postquam
1016 2849 1143 2918 senatui
1161 2845 1301 2916 relatum
1322 2859 1386 2932 est,
1401 2869 1450 2914 ar·

390 2952 507 3020 cessito
517 2951 656 3044 juvene,
668 2973 766 3044 quarn
782 2954 890 3047 potuit
903 2967 1058 3022 accurata
1067 2956 1276 3023 excusatione
1291 2977 1371 3022 usus
1385 2966 1450 3038 est,

394 3085 411 3121 a
424 3057 513 3152 quod
528 3081 589 3125 nec
602 3073 798 3152 quaestorem
811 3056 856 3127 illi
870 3083 962 3128 more
975 3059 1138 3190 majorum
1150 3059 1283 3128 obviam
1297 3060 1450 3144 misisset,

392 3187 452 3233 nec
479 3162 613 3258 publico
640 3189 716 3234 eum
751 3163 896 3260 hospitio
923 3151 1149 3259 excepisset:
1172 3191 1275 3260 eaque
1299 3189 1369 3236 non
1395 3189 1452 3234 sua

437 3355 667 3426 1.Sc....trnjr'ceret.
675 3352 759 3408 Aldus
767 3353 898 3409 ediderat:
943 3357 1022 3410 ritetc
1032 3358 1150 3412 omniurn
1160 3357 1295 3422 codicum,
1305 3370 1360 3412 tam
1369 3358 1452 3430 scrip·

394 3439 457 3505 ipss.
468 3475 474 3488 .
484 3475 490 3489 .
500 3473 523 3490 ..
537 3437 693 3505 trajiceretur.
712 3433 764 3486 Sed
784 3448 900 3488 nostruin
943 3450 1048 3504 torum,
1063 3457 1141 3510 quam
1160 3439 1358 3510 impressorum.

392 3515 532 3566 lectionem
543 3528 614 3568 recte
626 3513 736 3585 Pighius
750 3516 868 3586 reposuit
885 3534 901 3568 e
986 3518 1013 3570 ⁵.
1024 3517 1175 3572 Ptolemaeus.
1187 3519 1343 3572 Ptolemaeus
1350 3518 1451 3590 Diony-

394 3592 470 3646 MSS.
486 3595 565 3647 Cous.
579 3594 635 3648 Cic.
644 3592 678 3648 sd
692 3594 795 3648 Divers.
805 3595 857 3663 xl,
869 3614 900 3664 9,
944 3596 1011 3661 sius,
1020 3597 1177 3669 Pompeium
1185 3599 1262 3670 jussit
1270 3597 1369 3663 occidi,
1378 3600 1451 3668 cujus

392 3673 480 3726 et13.
944 3677 1040 3746 opibus
1052 3689 1077 3729 et
1089 3679 1309 3751 auctoritateque
1321 3690 1452 3750 paterper

436 3773 462 3808 a.
471 3752 651 3816 Idemsenatus,
666 3766 716 3807 ete.
727 3753 779 3808 An.
788 3754 824 3808 U.
834 3753 900 3810 586.
944 3755 1088 3810 Gabinium
1098 3757 1126 3810 in
1137 3775 1248 3830 ιοςιιοιιι
1258 3759 1453 3812 ftimtrcstitn·

392 3833 452 3886 Liv.
467 3833 552 3896 XLV,
569 3840 615 3898 44.
944 3847 996 3889 tus.
1004 3839 1053 3890 Διι
1061 3837 1098 3893 U
1109 3839 1175 3906 590.
1185 3838 1360 3892 ..Antron
1362 3840 1451 3906 snm

436 3913 462 3968 3.
491 3913 583 3983 Copia.
599 3911 670 3966 Vide
690 3931 769 3985 supra
793 3914 843 3980 lV,
869 3916 901 3982 3,
945 3916 1069 3970 vorstius
1085 3930 1112 3974 et
1128 3918 1274 3972 Torrcuius
1293 3917 1418 3972 liabent:
1438 3937 1454 3968 ι

394 3993 488 4045 ert.3.
777 4025 787 4040 ·
943 3999 1033 4066 majore
1056 3999 1144 4066 snare.
1174 3997 1337 4072 Perpetem,
1364 4000 1454 4052 tonan

435 4076 463 4132 4.
478 4071 551 4139 Erga
565 4090 614 4123 nos.
632 4073 694 4126 Hac
708 4074 789 4127 rerba
804 4073 900 4128 Colcro
947 4075 1045 4130 ruendo
1059 4079 1261 4152 typographico.

393 4161 586 4222 suspectesunt.
590 4149 901 4209 Nitunturtomenaucto·
987 4161 1014 4212 6.
1023 4159 1144 4228 Qrtodrrer
1147 4199 1193 4214 .....
1194 4162 1329 4232 παρίασι.
1337 4161 1455 4226 Quaesto-
