3190 5122
393 491 468 580 346
593 494 817 564 VALERII
851 493 1060 562 ΜΑΧῙΜΙ
1095 491 1192 561 LIB.
1226 489 1268 560 V.

391 628 506 698 subitae
524 627 644 715 ruinae,
661 629 834 696 immemor
848 626 1069 694 humanorum
1084 649 1240 712 casuum,
1258 622 1368 694 ell'uso
1380 647 1462 718 gau·

392 735 447 804 dio
458 731 646 822 insultaret,
660 733 762 803 humo
775 747 876 827 caput
888 731 1069 818 sublatum,
1083 733 1191 801 cousin
1201 731 1223 818 ¹,
1237 754 1301 826 qua
1314 729 1461 800 velatum

392 855 494 934 caput
508 865 603 910 suum
620 865 712 910 more
730 840 951 910 Macedonum
968 839 1129 925 habebat,
1148 841 1242 926 texit3
1263 839 1464 932 corporique

392 946 509 1040 Pyrrhi
522 947 703 1033 redditum,
718 946 970 1016 honoratissime
985 945 1199 1015 cremandum
1216 947 1353 1012 curavit.
1371 945 1463 1032 Quin

394 1055 492 1122 etiam
513 1051 615 1123 lilium
638 1055 707 1147 ejus
736 1051 898 1124 Helenum
920 1055 1088 1148 captivum
1111 1051 1153 1120 ad
1176 1077 1210 1120 se
1236 1065 1462 1145 pertractum,

394 1175 427 1228 et
441 1158 567 1230 cultum
581 1174 614 1228 et
626 1161 773 1230 animum
781 1185 898 1255 gerere
908 1161 1034 1254 regium
1043 1157 1053 1184 ²
1060 1159 1174 1252 jussit;
1187 1181 1325 1251 ossaque
1345 1157 1463 1250 Pyrrhi

394 1267 441 1351 ei,
459 1290 559 1338 aurea
570 1291 653 1336 urna
672 1265 816 1354 inclusa,
830 1268 968 1362 Epirum
980 1267 1014 1334 in
1024 1267 1165 1362 patriam
1180 1263 1223 1334 ad
1237 1262 1462 1333 Alexandrum

395 1371 529 1442 fratrem
545 1373 707 1468 portanda
728 1372 827 1442 dedit

450 1493 482 1566 5.
508 1481 690 1590 Campani³
711 1511 823 1566 autem
845 1497 1026 1565 exercitum
1047 1509 1214 1582 nostrum,
1234 1519 1311 1564 cum
1340 1518 1462 1563 consu-

395 1601 480 1671 libus
510 1601 598 1696 apud
628 1601 793 1671 Caudinas
825 1601 934 1670 furcas
967 1602 1028 1670 sub
1056 1603 1172 1696 jugum
1206 1625 1225 1668 a
1259 1601 1462 1670 Samnitibus

396 1710 550 1792 missum,
570 1731 631 1776 nec
650 1709 809 1778 inermem
828 1722 974 1794 tantum,
997 1705 1055 1776 sed
1075 1709 1173 1776 etiam
1196 1706 1325 1775 nudum
1347 1707 1461 1775 urbem

396 1839 489 1883 suam
513 1815 707 1901 intrantem,
733 1811 870 1909 perinde
888 1838 928 1882 ac
947 1815 1107 1883 victorem
1132 1827 1165 1883 et
1189 1813 1293 1908 spolia
1319 1813 1461 1882 hostiurn

396 1945 518 2016 praese
540 1919 719 2010 ferentem,
745 1919 975 1989 venerabiliter
997 1934 1225 2015 exceperunt:
1247 1921 1463 2014 protinusque

398 2027 587 2097 consulibus
620 2028 760 2124 insignia
789 2027 946 2114 honoris,
979 2025 1134 2096 militibus
1164 2041 1312 2114 vestem,
1349 2050 1462 2114 arma,

398 2159 517 2230 equos,
543 2149 764 2204 commeatum
786 2133 1016 2230 benignissime
1035 2133 1241 2232 praestando‚
1263 2148 1296 2202 et
1318 2133 1463 2227 inopiam

400 2255 433 2309 et
459 2239 701 2310 deformitatem
732 2265 875 2310 romanae
909 2238 1009 2310 cladis
1034 2255 1213 2312 mutarunt.
1247 2241 1327 2328 Quo
1353 2241 1463 2308 animo

401 2349 428 2417 si
454 2372 515 2441 pro
543 2347 681 2441 imperio
702 2363 816 2416 nostro
838 2347 994 2418 adversus
1020 2345 1239 2416 Hannibalem
1261 2371 1398 2440 quoque
1417 2347 1464 2415 usi

401 2453 555 2540 luissent,
586 2452 779 2523 truculentis
810 2454 978 2524 securibus
1007 2455 1177 2524 materiam
1212 2452 1366 2523 saeviendi
1399 2477 1464 2522 non

403 2558 619 2654 praebuissent
630 2545 652 2626 ⁴.

457 2679 491 2748 6.
507 2685 606 2752 Facta
625 2683 790 2752 mentione
812 2687 969 2764 acerrimi
980 2685 1101 2774 hostis,
1119 2685 1376 2756 mansuetudinis
1393 2684 1463 2777 ejus

404 2787 575 2882 operibus,
603 2813 702 2883 quam
730 2791 882 2861 Romano
907 2793 1031 2863 nomini
1060 2794 1227 2889 praestitit,
1254 2791 1378 2876 locum,
1405 2789 1465 2885 qui

447 3010 471 3044 r.
481 2991 579 3044 Caesia.
590 2993 908 3062 Karaiu‚deironxsirrr,
953 2994 1039 3050 banda
1053 2997 1140 3068 itaque
1161 2995 1271 3052 omnino
1288 2995 1369 3050 lectio
1385 3013 1466 3046 erasa·

403 3071 495 3141 capitis
516 3073 633 3126 velamen
649 3073 762 3128 militare
780 3077 874 3140 luisse,
893 3095 908 3128 e
954 3075 1023 3128 libus.
1039 3075 1124 3130 Error
1139 3076 1212 3132 haud
1230 3075 1313 3130 dubie
1336 3075 1463 3146 originem

404 3150 516 3221 Vegetio
526 3149 665 3218 discimus;
673 3155 815 3208 utebantur
823 3175 852 3208 ea
862 3174 910 3226 pu·
954 3156 1033 3208 traxit
1045 3174 1077 3208 ex
1093 3155 1253 3228 compendio
1268 3155 1407 3210 scribendi
1418 3174 1462 3207 eos.

403 3243 582 3300 gustaremus
594 3233 755 3288 oculiasolis
764 3233 844 3290 radiis
851 3253 910 3306 per·
953 3247 977 3286 et
987 3255 1046 3289 cors.
1060 3265 1100 3278 -·
1117 3235 1241 3292 carano
1249 3237 1346 3303 fumas.
1362 3235 1463 3288 Tuscu·

403 3309 603 3380 stringerentur.
613 3312 711 3366 Omnes
723 3313 798 3368 mss,
808 3328 835 3368 et
845 3313 907 3370 edd.
953 3315 986 3368 lte
999 3333 1046 3370 seu
1056 3315 1156 3370 Fauces
1172 3315 1316 3382 Caudinas,
1332 3314 1464 3368 saltuem·

404 3409 494 3458 (aurea
501 3411 512 3452 ,·
530 3390 637 3461 Pighius
655 3413 754 3454 oensem
768 3393 813 3447 sed
827 3398 908 3448 cauria
953 3395 1044 3466 gustiae
1057 3415 1072 3450 a
1084 3396 1203 3462 Caudio,
1215 3395 1376 3450 Samnitium
1388 3395 1462 3465 oppi-

405 3467 439 3523 ad
450 3488 543 3522 vocem
555 3489 666 3540 grecam
677 3473 787 3544 propius
799 3472 907 3527 accedit.
953 3473 1007 3540 do,
1022 3493 1120 3528 nomen
1135 3495 1279 3548 accepere,
1290 3476 1337 3528 ubi
1354 3474 1462 3528 Pontias

447 3567 472 3600 a.
499 3549 661 3604 Auriniam
683 3556 782 3620 regium.
805 3552 909 3608 Gudius
953 3555 1102 3608 Herennius
1117 3557 1373 3610 maximallomanos
1388 3555 1460 3624 igno·

405 3628 557 3682 amulum...
571 3633 669 3699 regium.
684 3631 833 3702 Perperam.
844 3631 909 3686 vid.
954 3635 1036 3686 minin
1051 3635 1355 3706 allecia-Subjugum.
1366 3633 1459 3686 Tribus

406 3707 483 3762 eurr.
498 3708 553 3774 ΠΙ,
573 3727 625 3774 rs,
645 3728 696 3774 υς
709 3712 765 3774 Ν,
785 3731 812 3775 ι,
826 3731 868 3766 aa.
954 3711 1461 3779 buriniacrummuabushumideflxn,

448 3788 474 3841 3.
499 3787 630 3858 Campani,
655 3802 703 3842 etc.
724 3789 775 3842 An.
790 3793 824 3844 U.
843 3793 908 3856 432.
954 3811 1084 3865 superque
1093 3811 1136 3848 eas
1147 3813 1199 3848 una
1213 3807 1360 3848 transversa
1373 3793 1462 3862 ligata,

406 3865 469 3920 vid.
491 3867 549 3920 Liv.
572 3868 625 3934 nt,
643 3873 670 3922 b'.
694 3899 734 3912 -
760 3867 908 3926 Consulibus.
954 3872 1463 3944 quodsubeuntesludibrio,conrioiis,

406 3943 479 3998 MSS.
497 3947 597 4019 aliquot
612 3948 707 4000 romule
714 3986 722 4011 ,
740 3960 766 4000 et
782 3969 844 4002 mox
857 3971 911 4004 corr·
955 3952 1037 4006 imrno
1047 3951 1182 4006 interdum
1197 3955 1279 4025 plagis
1290 3966 1354 4006 sunt
1367 3951 1461 4004 allecti.

406 4025 459 4082 suli·
474 4025 524 4078 Sed
544 4041 685 4098 utrumque
700 4029 834 4082 consulem
849 4049 910 4082 curn
997 4039 1022 4095 4.
1048 4033 1196 4086 Truculeatis
1295 4033 1462 4104 pratorum.
1578 4073 1579 4080 ,

407 4104 522 4156 exercitu
535 4107 584 4158 sub
597 4108 690 4177 jugum
701 4107 909 4174 manumisso,
955 4114 1006 4166 An.
1020 4112 1054 4166 U.
1069 4113 1135 4175 542.
1150 4113 1208 4166 Liv.
1222 4107 1462 4178 xxvt,15.vtd.
1578 4103 1579 4120 ¹

408 4194 508 4238 constat
518 4202 549 4236 ex
561 4187 684 4240 omuibus
697 4187 836 4242 historicis.
848 4189 911 4242 Pro·
956 4209 1050 4262 supra,
1064 4191 1120 4258 111,
1135 4195 1168 4260 8,
1184 4211 1206 4246 r.
