<?xml version="1.0" encoding="UTF-8"?>
<!DOCTYPE html PUBLIC "-//W3C//DTD XHTML 1.0 Transitional//EN"
    "http://www.w3.org/TR/xhtml1/DTD/xhtml1-transitional.dtd">
<html xmlns="http://www.w3.org/1999/xhtml" xml:lang="en" lang="en">
 <head>
  <title>
</title>
<meta http-equiv="Content-Type" content="text/html;charset=utf-8" />
  <meta name='ocr-system' content='tesseract 3.04.00' />
  <meta name='ocr-capabilities' content='ocr_page ocr_carea ocr_par ocr_line ocrx_word'/>
</head>
<body>
  <div class='ocr_page' id='page_1' title='image "./valeriusmaximus01lykogoog_0134.png"; bbox 0 0 3184 5132; ppageno 0'>
   <div class='ocr_carea' id='block_1_1' title="bbox 257 539 1230 643">
    <p class='ocr_par' dir='ltr' id='par_1_1' title="bbox 257 539 1230 643">
     <span class='ocr_line' id='line_1_1' title="bbox 257 539 1230 643; baseline 0.003 -30"><span class='ocrx_word' id='word_1_1' title='bbox 257 545 366 614; x_wconf 82' lang='lat' dir='ltr'>CAP.</span> <span class='ocrx_word' id='word_1_2' title='bbox 393 539 452 631; x_wconf 92' lang='lat' dir='ltr'>II,</span> <span class='ocrx_word' id='word_1_3' title='bbox 479 542 548 612; x_wconf 88' lang='lat' dir='ltr'>DE</span> <span class='ocrx_word' id='word_1_4' title='bbox 576 543 828 612; x_wconf 86' lang='lat' dir='ltr'>MAGISTR.</span> <span class='ocrx_word' id='word_1_5' title='bbox 857 545 1101 614; x_wconf 83' lang='lat' dir='ltr'>OFFICIIS.</span> <span class='ocrx_word' id='word_1_6' title='bbox 1163 569 1230 643; x_wconf 85' lang='lat'>¹⁰7</span> 
     </span>
    </p>
   </div>
   <div class='ocr_carea' id='block_1_2' title="bbox 148 673 1238 2893">
    <p class='ocr_par' dir='ltr' id='par_1_2' title="bbox 166 673 1236 1170">
     <span class='ocr_line' id='line_1_2' title="bbox 166 673 1234 771; baseline 0.002 -26"><span class='ocrx_word' id='word_1_7' title='bbox 166 683 283 746; x_wconf 89' lang='lat' dir='ltr'>senatu</span> <span class='ocrx_word' id='word_1_8' title='bbox 304 679 373 745; x_wconf 89' lang='lat' dir='ltr'>sine</span> <span class='ocrx_word' id='word_1_9' title='bbox 396 677 575 770; x_wconf 81' lang='lat' dir='ltr'>interprete</span> <span class='ocrx_word' id='word_1_10' title='bbox 597 674 746 744; x_wconf 90' lang='lat' dir='ltr'>auditum</span> <span class='ocrx_word' id='word_1_11' title='bbox 772 689 926 744; x_wconf 82' lang='lat' dir='ltr'>constet:</span> <span class='ocrx_word' id='word_1_12' title='bbox 947 701 1046 771; x_wconf 89' lang='lat' dir='ltr'>quem</span> <span class='ocrx_word' id='word_1_13' title='bbox 1072 673 1234 748; x_wconf 83' lang='lat' dir='ltr'>honorem</span> 
     </span>
     <span class='ocr_line' id='line_1_3' title="bbox 166 783 1234 877; baseline 0.003 -27"><span class='ocrx_word' id='word_1_14' title='bbox 166 804 236 851; x_wconf 92' lang='lat' dir='ltr'>non</span> <span class='ocrx_word' id='word_1_15' title='bbox 253 784 417 850; x_wconf 88' lang='lat' dir='ltr'>immerito</span> <span class='ocrx_word' id='word_1_16' title='bbox 436 783 540 877; x_wconf 83' lang='lat' dir='ltr'>cepit,</span> <span class='ocrx_word' id='word_1_17' title='bbox 565 784 720 875; x_wconf 90' lang='lat' dir='ltr'>quoniam</span> <span class='ocrx_word' id='word_1_18' title='bbox 743 805 905 850; x_wconf 88' lang='lat' dir='ltr'>summam</span> <span class='ocrx_word' id='word_1_19' title='bbox 924 783 990 850; x_wconf 80' lang='lat' dir='ltr'>vim</span> <span class='ocrx_word' id='word_1_20' title='bbox 1006 807 1150 853; x_wconf 83' lang='lat' dir='ltr'>romanae</span> <span class='ocrx_word' id='word_1_21' title='bbox 1168 783 1234 854; x_wconf 87' lang='lat' dir='ltr'>elo·</span> 
     </span>
     <span class='ocr_line' id='line_1_4' title="bbox 166 885 1236 983; baseline 0.003 -28"><span class='ocrx_word' id='word_1_22' title='bbox 166 891 308 982; x_wconf 77' lang='lat' dir='ltr'>quentiae</span> <span class='ocrx_word' id='word_1_23' title='bbox 321 887 502 982; x_wconf 77' lang='lat' dir='ltr'>adjuverat.</span> <span class='ocrx_word' id='word_1_24' title='bbox 518 889 715 982; x_wconf 83' lang='lat' dir='ltr'>Conspicuae</span> <span class='ocrx_word' id='word_1_25' title='bbox 731 885 893 957; x_wconf 81' lang='lat' dir='ltr'><strong>felicitatis</strong></span> <span class='ocrx_word' id='word_1_26' title='bbox 909 889 1070 983; x_wconf 80' lang='lat' dir='ltr'><strong>Arpinum</strong></span> <span class='ocrx_word' id='word_1_27' title='bbox 1083 893 1236 978; x_wconf 88' lang='lat' dir='ltr'>unicum,</span> 
     </span>
     <span class='ocr_line' id='line_1_5' title="bbox 167 993 1234 1090; baseline 0.001 -27"><span class='ocrx_word' id='word_1_28' title='bbox 167 996 236 1063; x_wconf 87' lang='lat' dir='ltr'>sive</span> <span class='ocrx_word' id='word_1_29' title='bbox 259 994 427 1063; x_wconf 86' lang='lat' dir='ltr'>literarum</span> <span class='ocrx_word' id='word_1_30' title='bbox 457 993 727 1090; x_wconf 84' lang='lat' dir='ltr'>gloriosissimum</span> <span class='ocrx_word' id='word_1_31' title='bbox 747 1007 1026 1090; x_wconf 86' lang='lat' dir='ltr'>contemptorem,</span> <span class='ocrx_word' id='word_1_32' title='bbox 1040 997 1109 1066; x_wconf 91' lang='lat' dir='ltr'>sive</span> <span class='ocrx_word' id='word_1_33' title='bbox 1129 995 1234 1066; x_wconf 90' lang='lat' dir='ltr'>abun·</span> 
     </span>
     <span class='ocr_line' id='line_1_6' title="bbox 167 1099 788 1170; baseline 0 -2"><span class='ocrx_word' id='word_1_34' title='bbox 167 1099 395 1169; x_wconf 83' lang='lat' dir='ltr'>densissimum</span> <span class='ocrx_word' id='word_1_35' title='bbox 409 1101 537 1170; x_wconf 89' lang='lat' dir='ltr'>sontem</span> <span class='ocrx_word' id='word_1_36' title='bbox 558 1101 678 1170; x_wconf 88' lang='lat' dir='ltr'>intueri</span> <span class='ocrx_word' id='word_1_37' title='bbox 697 1099 788 1170; x_wconf 85' lang='lat' dir='ltr'>velis.</span> 
     </span>
    </p>

    <p class='ocr_par' dir='ltr' id='par_1_3' title="bbox 148 1206 1238 2893">
     <span class='ocr_line' id='line_1_7' title="bbox 222 1206 1233 1302; baseline 0.001 -26"><span class='ocrx_word' id='word_1_38' title='bbox 222 1209 256 1291; x_wconf 62' lang='lat' dir='ltr'>lp.</span> <span class='ocrx_word' id='word_1_39' title='bbox 285 1209 431 1276; x_wconf 85' lang='lat' dir='ltr'>Maxima</span> <span class='ocrx_word' id='word_1_40' title='bbox 453 1221 562 1276; x_wconf 89' lang='lat' dir='ltr'>autem</span> <span class='ocrx_word' id='word_1_41' title='bbox 584 1206 752 1302; x_wconf 84' lang='lat' dir='ltr'>diligentia</span> <span class='ocrx_word' id='word_1_42' title='bbox 771 1207 913 1300; x_wconf 83' lang='lat' dir='ltr'>majores</span> <span class='ocrx_word' id='word_1_43' title='bbox 930 1206 1020 1277; x_wconf 88' lang='lat' dir='ltr'>hunc</span> <span class='ocrx_word' id='word_1_44' title='bbox 1035 1231 1163 1277; x_wconf 84' lang='lat' dir='ltr'>morem</span> <span class='ocrx_word' id='word_1_45' title='bbox 1178 1231 1233 1277; x_wconf 90' lang='lat' dir='ltr'>re·</span> 
     </span>
     <span class='ocr_line' id='line_1_8' title="bbox 167 1312 1232 1408; baseline 0.005 -29"><span class='ocrx_word' id='word_1_46' title='bbox 167 1313 354 1398; x_wconf 87' lang='lat' dir='ltr'>tinuerunt,</span> <span class='ocrx_word' id='word_1_47' title='bbox 374 1339 417 1383; x_wconf 89' lang='lat' dir='ltr'>ne</span> <span class='ocrx_word' id='word_1_48' title='bbox 439 1315 512 1408; x_wconf 89' lang='lat' dir='ltr'>quis</span> <span class='ocrx_word' id='word_1_49' title='bbox 533 1337 568 1382; x_wconf 88' lang='lat' dir='ltr'>se</span> <span class='ocrx_word' id='word_1_50' title='bbox 587 1315 673 1382; x_wconf 89' lang='lat' dir='ltr'>inter</span> <span class='ocrx_word' id='word_1_51' title='bbox 696 1312 865 1382; x_wconf 86' lang='lat' dir='ltr'>consulem</span> <span class='ocrx_word' id='word_1_52' title='bbox 884 1327 918 1383; x_wconf 88' lang='lat' dir='ltr'>et</span> <span class='ocrx_word' id='word_1_53' title='bbox 930 1315 1118 1408; x_wconf 83' lang='lat' dir='ltr'>proximum</span> <span class='ocrx_word' id='word_1_54' title='bbox 1140 1313 1232 1384; x_wconf 88' lang='lat' dir='ltr'>licto·</span> 
     </span>
     <span class='ocr_line' id='line_1_9' title="bbox 168 1419 1233 1516; baseline 0.003 -30"><span class='ocrx_word' id='word_1_55' title='bbox 168 1442 261 1506; x_wconf 88' lang='lat' dir='ltr'>rem,</span> <span class='ocrx_word' id='word_1_56' title='bbox 281 1421 431 1514; x_wconf 89' lang='lat' dir='ltr'>quamvis</span> <span class='ocrx_word' id='word_1_57' title='bbox 453 1419 553 1489; x_wconf 85' lang='lat' dir='ltr'>officii</span> <span class='ocrx_word' id='word_1_58' title='bbox 574 1443 673 1489; x_wconf 88' lang='lat' dir='ltr'>causa</span> <span class='ocrx_word' id='word_1_59' title='bbox 694 1443 760 1488; x_wconf 90' lang='lat' dir='ltr'>una</span> <span class='ocrx_word' id='word_1_60' title='bbox 781 1419 1056 1515; x_wconf 79' lang='lat' dir='ltr'>progrederetur,</span> <span class='ocrx_word' id='word_1_61' title='bbox 1083 1421 1233 1516; x_wconf 85' lang='lat' dir='ltr'>interpo-</span> 
     </span>
     <span class='ocr_line' id='line_1_10' title="bbox 169 1524 1233 1621; baseline 0.004 -29"><span class='ocrx_word' id='word_1_62' title='bbox 169 1539 287 1593; x_wconf 83' lang='lat' dir='ltr'>neret:</span> <span class='ocrx_word' id='word_1_63' title='bbox 307 1524 375 1594; x_wconf 89' lang='lat' dir='ltr'>filio</span> <span class='ocrx_word' id='word_1_64' title='bbox 392 1525 568 1610; x_wconf 77' lang='lat' dir='ltr'>duntaxat,</span> <span class='ocrx_word' id='word_1_65' title='bbox 590 1541 623 1595; x_wconf 89' lang='lat' dir='ltr'>et</span> <span class='ocrx_word' id='word_1_66' title='bbox 641 1528 671 1594; x_wconf 90' lang='lat' dir='ltr'>ei</span> <span class='ocrx_word' id='word_1_67' title='bbox 687 1551 807 1620; x_wconf 89' lang='lat' dir='ltr'>puero,</span> <span class='ocrx_word' id='word_1_68' title='bbox 825 1540 901 1595; x_wconf 87' lang='lat' dir='ltr'>ante</span> <span class='ocrx_word' id='word_1_69' title='bbox 916 1540 1046 1621; x_wconf 89' lang='lat' dir='ltr'>patrem</span> <span class='ocrx_word' id='word_1_70' title='bbox 1064 1524 1233 1596; x_wconf 86' lang='lat' dir='ltr'>consulem</span> 
     </span>
     <span class='ocr_line' id='line_1_11' title="bbox 169 1630 1236 1726; baseline 0.004 -28"><span class='ocrx_word' id='word_1_71' title='bbox 169 1630 361 1702; x_wconf 88' lang='lat' dir='ltr'>ambulandi</span> <span class='ocrx_word' id='word_1_72' title='bbox 380 1633 433 1725; x_wconf 86' lang='lat' dir='ltr'>jus</span> <span class='ocrx_word' id='word_1_73' title='bbox 454 1646 526 1701; x_wconf 88' lang='lat' dir='ltr'>erat</span> <span class='ocrx_word' id='word_1_74' title='bbox 548 1657 555 1699; x_wconf 93' lang='lat'><strong>:</strong></span> <span class='ocrx_word' id='word_1_75' title='bbox 576 1635 632 1726; x_wconf 91' lang='lat' dir='ltr'>qui</span> <span class='ocrx_word' id='word_1_76' title='bbox 653 1655 726 1702; x_wconf 92' lang='lat' dir='ltr'>mos</span> <span class='ocrx_word' id='word_1_77' title='bbox 747 1631 830 1701; x_wconf 87' lang='lat' dir='ltr'>adeo</span> <span class='ocrx_word' id='word_1_78' title='bbox 855 1631 1067 1726; x_wconf 87' lang='lat' dir='ltr'>pertinaciter</span> <span class='ocrx_word' id='word_1_79' title='bbox 1088 1647 1236 1702; x_wconf 88' lang='lat' dir='ltr'>retentus</span> 
     </span>
     <span class='ocr_line' id='line_1_12' title="bbox 169 1737 1235 1832; baseline 0.002 -28"><span class='ocrx_word' id='word_1_80' title='bbox 169 1751 237 1822; x_wconf 92' lang='lat' dir='ltr'>est,</span> <span class='ocrx_word' id='word_1_81' title='bbox 258 1751 297 1805; x_wconf 88' lang='lat' dir='ltr'>ut</span> <span class='ocrx_word' id='word_1_82' title='bbox 311 1739 354 1824; x_wconf 89' lang='lat' dir='ltr'>Q.</span> <span class='ocrx_word' id='word_1_83' title='bbox 376 1738 494 1806; x_wconf 82' lang='lat' dir='ltr'>Fabius</span> <span class='ocrx_word' id='word_1_84' title='bbox 512 1737 699 1806; x_wconf 81' lang='lat' dir='ltr'>Maximus¹</span> <span class='ocrx_word' id='word_1_85' title='bbox 721 1739 894 1832; x_wconf 85' lang='lat' dir='ltr'>quinquies</span> <span class='ocrx_word' id='word_1_86' title='bbox 910 1763 975 1808; x_wconf 90' lang='lat' dir='ltr'>cos.</span> <span class='ocrx_word' id='word_1_87' title='bbox 992 1739 1044 1805; x_wconf 84' lang='lat' dir='ltr'>vir</span> <span class='ocrx_word' id='word_1_88' title='bbox 1057 1739 1156 1806; x_wconf 87' lang='lat' dir='ltr'>etiam</span> <span class='ocrx_word' id='word_1_89' title='bbox 1169 1740 1235 1832; x_wconf 86' lang='lat' dir='ltr'>pri·</span> 
     </span>
     <span class='ocr_line' id='line_1_13' title="bbox 169 1841 1237 1930; baseline 0.002 -20"><span class='ocrx_word' id='word_1_90' title='bbox 169 1841 248 1910; x_wconf 88' lang='lat' dir='ltr'>dem</span> <span class='ocrx_word' id='word_1_91' title='bbox 262 1867 398 1912; x_wconf 75' lang='lat' dir='ltr'>summae</span> <span class='ocrx_word' id='word_1_92' title='bbox 416 1844 636 1930; x_wconf 84' lang='lat' dir='ltr'>auctoritatis,</span> <span class='ocrx_word' id='word_1_93' title='bbox 652 1858 686 1912; x_wconf 91' lang='lat' dir='ltr'>et</span> <span class='ocrx_word' id='word_1_94' title='bbox 699 1857 780 1913; x_wconf 89' lang='lat' dir='ltr'>tunc</span> <span class='ocrx_word' id='word_1_95' title='bbox 794 1842 918 1913; x_wconf 76' lang='lat' dir='ltr'>ultimae</span> <span class='ocrx_word' id='word_1_96' title='bbox 933 1845 1122 1930; x_wconf 81' lang='lat' dir='ltr'>senectutis,</span> <span class='ocrx_word' id='word_1_97' title='bbox 1137 1843 1237 1912; x_wconf 85' lang='lat' dir='ltr'>afilio</span> 
     </span>
     <span class='ocr_line' id='line_1_14' title="bbox 148 1947 1238 2043; baseline 0.002 -27"><span class='ocrx_word' id='word_1_98' title='bbox 148 1947 308 2026; x_wconf 68' lang='lat' dir='ltr'>,consule</span> <span class='ocrx_word' id='word_1_99' title='bbox 329 1950 501 2035; x_wconf 87' lang='lat' dir='ltr'>invitatus,</span> <span class='ocrx_word' id='word_1_100' title='bbox 520 1963 559 2017; x_wconf 91' lang='lat' dir='ltr'>ut</span> <span class='ocrx_word' id='word_1_101' title='bbox 576 1951 663 2018; x_wconf 87' lang='lat' dir='ltr'>inter</span> <span class='ocrx_word' id='word_1_102' title='bbox 686 1973 721 2018; x_wconf 88' lang='lat' dir='ltr'>se</span> <span class='ocrx_word' id='word_1_103' title='bbox 738 1963 772 2018; x_wconf 91' lang='lat' dir='ltr'>et</span> <span class='ocrx_word' id='word_1_104' title='bbox 789 1947 939 2019; x_wconf 87' lang='lat' dir='ltr'>lictorem</span> <span class='ocrx_word' id='word_1_105' title='bbox 961 1948 1170 2043; x_wconf 85' lang='lat' dir='ltr'>procederet,</span> <span class='ocrx_word' id='word_1_106' title='bbox 1193 1973 1238 2018; x_wconf 89' lang='lat' dir='ltr'>ne</span> 
     </span>
     <span class='ocr_line' id='line_1_15' title="bbox 169 2053 1236 2149; baseline 0.002 -29"><span class='ocrx_word' id='word_1_107' title='bbox 169 2053 319 2120; x_wconf 90' lang='lat' dir='ltr'>hostium</span> <span class='ocrx_word' id='word_1_108' title='bbox 339 2055 522 2124; x_wconf 86' lang='lat' dir='ltr'>Samnitum</span> <span class='ocrx_word' id='word_1_109' title='bbox 537 2055 652 2142; x_wconf 85' lang='lat' dir='ltr'>turba,</span> <span class='ocrx_word' id='word_1_110' title='bbox 668 2054 868 2149; x_wconf 86' lang='lat' dir='ltr'>adquorum</span> <span class='ocrx_word' id='word_1_111' title='bbox 886 2053 1085 2149; x_wconf 87' lang='lat' dir='ltr'>colloquium</span> <span class='ocrx_word' id='word_1_112' title='bbox 1100 2053 1236 2124; x_wconf 86' lang='lat' dir='ltr'>descen·</span> 
     </span>
     <span class='ocr_line' id='line_1_16' title="bbox 172 2157 1236 2248; baseline 0.005 -22"><span class='ocrx_word' id='word_1_113' title='bbox 172 2157 314 2243; x_wconf 85' lang='lat' dir='ltr'>debant,</span> <span class='ocrx_word' id='word_1_114' title='bbox 336 2157 529 2248; x_wconf 85' lang='lat' dir='ltr'>elideretur,</span> <span class='ocrx_word' id='word_1_115' title='bbox 555 2159 589 2230; x_wconf 92' lang='lat' dir='ltr'>id</span> <span class='ocrx_word' id='word_1_116' title='bbox 617 2159 726 2230; x_wconf 82' lang='lat' dir='ltr'>facere</span> <span class='ocrx_word' id='word_1_117' title='bbox 752 2159 903 2230; x_wconf 85' lang='lat' dir='ltr'>noluerit.</span> <span class='ocrx_word' id='word_1_118' title='bbox 928 2157 1045 2230; x_wconf 80' lang='lat' dir='ltr'>ldem&#39;</span> <span class='ocrx_word' id='word_1_119' title='bbox 1073 2183 1093 2228; x_wconf 90' lang='lat' dir='ltr'>a</span> <span class='ocrx_word' id='word_1_120' title='bbox 1120 2175 1236 2230; x_wconf 86' lang='lat' dir='ltr'>senatu</span> 
     </span>
     <span class='ocr_line' id='line_1_17' title="bbox 171 2261 1236 2362; baseline 0.005 -31"><span class='ocrx_word' id='word_1_121' title='bbox 171 2261 301 2358; x_wconf 84' lang='lat' dir='ltr'>legatus</span> <span class='ocrx_word' id='word_1_122' title='bbox 318 2264 361 2334; x_wconf 88' lang='lat' dir='ltr'>ad</span> <span class='ocrx_word' id='word_1_123' title='bbox 388 2264 492 2334; x_wconf 91' lang='lat' dir='ltr'>filium</span> <span class='ocrx_word' id='word_1_124' title='bbox 521 2266 690 2336; x_wconf 88' lang='lat' dir='ltr'>consulem</span> <span class='ocrx_word' id='word_1_125' title='bbox 718 2268 871 2337; x_wconf 83' lang='lat' dir='ltr'>Suessam</span> <span class='ocrx_word' id='word_1_126' title='bbox 895 2268 1030 2354; x_wconf 89' lang='lat' dir='ltr'>missus,</span> <span class='ocrx_word' id='word_1_127' title='bbox 1059 2279 1236 2362; x_wconf 81' lang='lat' dir='ltr'>postquam</span> 
     </span>
     <span class='ocr_line' id='line_1_18' title="bbox 170 2369 1236 2469; baseline 0.003 -31"><span class='ocrx_word' id='word_1_128' title='bbox 170 2369 419 2458; x_wconf 88' lang='lat' dir='ltr'>animadvertit,</span> <span class='ocrx_word' id='word_1_129' title='bbox 441 2372 577 2442; x_wconf 84' lang='lat' dir='ltr'>eumad</span> <span class='ocrx_word' id='word_1_130' title='bbox 597 2371 744 2443; x_wconf 88' lang='lat' dir='ltr'>officium</span> <span class='ocrx_word' id='word_1_131' title='bbox 763 2397 860 2444; x_wconf 90' lang='lat' dir='ltr'>suum</span> <span class='ocrx_word' id='word_1_132' title='bbox 877 2385 968 2442; x_wconf 83' lang='lat' dir='ltr'>extra</span> <span class='ocrx_word' id='word_1_133' title='bbox 983 2374 1105 2442; x_wconf 83' lang='lat' dir='ltr'>moenia</span> <span class='ocrx_word' id='word_1_134' title='bbox 1123 2373 1236 2469; x_wconf 87' lang='lat' dir='ltr'>oppidi</span> 
     </span>
     <span class='ocr_line' id='line_1_19' title="bbox 170 2477 1235 2574; baseline 0.006 -31"><span class='ocrx_word' id='word_1_135' title='bbox 170 2478 384 2570; x_wconf 86' lang='lat' dir='ltr'>processisse,</span> <span class='ocrx_word' id='word_1_136' title='bbox 398 2477 585 2572; x_wconf 85' lang='lat' dir='ltr'>indignatus</span> <span class='ocrx_word' id='word_1_137' title='bbox 597 2479 687 2574; x_wconf 91' lang='lat' dir='ltr'>quod</span> <span class='ocrx_word' id='word_1_138' title='bbox 702 2505 742 2549; x_wconf 82' lang='lat' dir='ltr'>ex</span> <span class='ocrx_word' id='word_1_139' title='bbox 756 2478 925 2550; x_wconf 88' lang='lat' dir='ltr'>lictoribus</span> <span class='ocrx_word' id='word_1_140' title='bbox 939 2501 978 2550; x_wconf 84' lang='lat' dir='ltr'>xi</span> <span class='ocrx_word' id='word_1_141' title='bbox 990 2503 1090 2548; x_wconf 88' lang='lat' dir='ltr'>nemo</span> <span class='ocrx_word' id='word_1_142' title='bbox 1105 2503 1139 2550; x_wconf 92' lang='lat' dir='ltr'>se</span> <span class='ocrx_word' id='word_1_143' title='bbox 1149 2503 1235 2574; x_wconf 86' lang='lat' dir='ltr'>equo</span> 
     </span>
     <span class='ocr_line' id='line_1_20' title="bbox 171 2581 1237 2680; baseline 0.007 -31"><span class='ocrx_word' id='word_1_144' title='bbox 171 2581 370 2652; x_wconf 88' lang='lat' dir='ltr'>descendere</span> <span class='ocrx_word' id='word_1_145' title='bbox 382 2584 547 2678; x_wconf 86' lang='lat' dir='ltr'>jussisset,</span> <span class='ocrx_word' id='word_1_146' title='bbox 562 2583 678 2680; x_wconf 92' lang='lat' dir='ltr'>plenus</span> <span class='ocrx_word' id='word_1_147' title='bbox 693 2587 749 2656; x_wconf 87' lang='lat' dir='ltr'>irae</span> <span class='ocrx_word' id='word_1_148' title='bbox 762 2585 876 2656; x_wconf 87' lang='lat' dir='ltr'>sedere</span> <span class='ocrx_word' id='word_1_149' title='bbox 890 2588 1132 2680; x_wconf 83' lang='lat' dir='ltr'>perseveravit:</span> <span class='ocrx_word' id='word_1_150' title='bbox 1145 2585 1237 2680; x_wconf 90' lang='lat' dir='ltr'>quod</span> 
     </span>
     <span class='ocr_line' id='line_1_21' title="bbox 172 2677 1232 2788; baseline 0.007 -33"><span class='ocrx_word' id='word_1_151' title='bbox 172 2711 274 2782; x_wconf 92' lang='lat' dir='ltr'>quum</span> <span class='ocrx_word' id='word_1_152' title='bbox 284 2687 370 2760; x_wconf 90' lang='lat' dir='ltr'>filius</span> <span class='ocrx_word' id='word_1_153' title='bbox 379 2691 546 2777; x_wconf 89' lang='lat' dir='ltr'>sensisset,</span> <span class='ocrx_word' id='word_1_154' title='bbox 560 2694 711 2786; x_wconf 81' lang='lat' dir='ltr'>proximo</span> <span class='ocrx_word' id='word_1_155' title='bbox 724 2691 830 2762; x_wconf 89' lang='lat' dir='ltr'>lictori</span> <span class='ocrx_word' id='word_1_156' title='bbox 839 2705 877 2760; x_wconf 90' lang='lat' dir='ltr'>ut</span> <span class='ocrx_word' id='word_1_157' title='bbox 888 2692 949 2762; x_wconf 91' lang='lat' dir='ltr'>sibi</span> <span class='ocrx_word' id='word_1_158' title='bbox 961 2677 1156 2788; x_wconf 84' lang='lat' dir='ltr'>appareret³</span> <span class='ocrx_word' id='word_1_159' title='bbox 1170 2694 1232 2762; x_wconf 93' lang='lat' dir='ltr'>im·</span> 
     </span>
     <span class='ocr_line' id='line_1_22' title="bbox 172 2795 1237 2893; baseline 0.006 -32"><span class='ocrx_word' id='word_1_160' title='bbox 172 2796 322 2887; x_wconf 82' lang='lat' dir='ltr'>peravit3</span> <span class='ocrx_word' id='word_1_161' title='bbox 343 2795 437 2889; x_wconf 88' lang='lat' dir='ltr'>cujus</span> <span class='ocrx_word' id='word_1_162' title='bbox 456 2799 532 2866; x_wconf 84' lang='lat' dir='ltr'>voci</span> <span class='ocrx_word' id='word_1_163' title='bbox 553 2797 671 2868; x_wconf 90' lang='lat' dir='ltr'>Fabius</span> <span class='ocrx_word' id='word_1_164' title='bbox 693 2799 851 2868; x_wconf 92' lang='lat' dir='ltr'>continuo</span> <span class='ocrx_word' id='word_1_165' title='bbox 872 2798 1102 2893; x_wconf 86' lang='lat' dir='ltr'>obsequutus:</span> <span class='ocrx_word' id='word_1_166' title='bbox 1127 2799 1237 2870; x_wconf 81' lang='lat' dir='ltr'>«Non</span> 
     </span>
    </p>
   </div>
   <div class='ocr_carea' id='block_1_3' title="bbox 172 3001 1243 4268">
    <p class='ocr_par' dir='ltr' id='par_1_4' title="bbox 172 3001 1243 3952">
     <span class='ocr_line' id='line_1_23' title="bbox 215 3001 1242 3076; baseline 0.006 -22"><span class='ocrx_word' id='word_1_167' title='bbox 215 3019 239 3055; x_wconf 89' lang='lat'>1.</span> <span class='ocrx_word' id='word_1_168' title='bbox 249 3001 283 3072; x_wconf 80' lang='lat' dir='ltr'>Q.</span> <span class='ocrx_word' id='word_1_169' title='bbox 291 3002 383 3055; x_wconf 79' lang='lat' dir='ltr'>Fabios</span> <span class='ocrx_word' id='word_1_170' title='bbox 388 3001 588 3076; x_wconf 66' lang='lat' dir='ltr'>Manatum</span> <span class='ocrx_word' id='word_1_171' title='bbox 596 3003 680 3068; x_wconf 80' lang='lat' dir='ltr'>filins,</span> <span class='ocrx_word' id='word_1_172' title='bbox 726 3003 778 3058; x_wconf 76' lang='lat' dir='ltr'>fiiis</span> <span class='ocrx_word' id='word_1_173' title='bbox 786 3005 897 3056; x_wconf 78' lang='lat' dir='ltr'>Pometia</span> <span class='ocrx_word' id='word_1_174' title='bbox 902 3003 1063 3056; x_wconf 83' lang='lat' dir='ltr'>Volscorum</span> <span class='ocrx_word' id='word_1_175' title='bbox 1070 3040 1080 3068; x_wconf 89' lang='lat'>,</span> <span class='ocrx_word' id='word_1_176' title='bbox 1088 3007 1142 3075; x_wconf 81' lang='lat' dir='ltr'>jein</span> <span class='ocrx_word' id='word_1_177' title='bbox 1151 3023 1165 3057; x_wconf 84' lang='lat' dir='ltr'>s</span> <span class='ocrx_word' id='word_1_178' title='bbox 1173 3005 1242 3060; x_wconf 82' lang='lat' dir='ltr'>Ter·</span> 
     </span>
     <span class='ocr_line' id='line_1_24' title="bbox 172 3080 1238 3156; baseline 0.003 -22"><span class='ocrx_word' id='word_1_179' title='bbox 172 3080 265 3134; x_wconf 78' lang='lat' dir='ltr'>Fabiso</span> <span class='ocrx_word' id='word_1_180' title='bbox 275 3081 385 3152; x_wconf 71' lang='lat' dir='ltr'>Gurges,</span> <span class='ocrx_word' id='word_1_181' title='bbox 398 3083 466 3137; x_wconf 84' lang='lat' dir='ltr'>mele</span> <span class='ocrx_word' id='word_1_182' title='bbox 476 3095 568 3137; x_wconf 76' lang='lat' dir='ltr'>wntra</span> <span class='ocrx_word' id='word_1_183' title='bbox 580 3083 683 3137; x_wconf 76' lang='lat' dir='ltr'>Somni·</span> <span class='ocrx_word' id='word_1_184' title='bbox 726 3085 821 3156; x_wconf 85' lang='lat' dir='ltr'>quinio</span> <span class='ocrx_word' id='word_1_185' title='bbox 835 3081 956 3156; x_wconf 85' lang='lat' dir='ltr'>Superbo</span> <span class='ocrx_word' id='word_1_186' title='bbox 969 3101 1074 3149; x_wconf 61' lang='lat' dir='ltr'>eversu</span> <span class='ocrx_word' id='word_1_187' title='bbox 1090 3083 1170 3137; x_wconf 75' lang='lat' dir='ltr'>altere</span> <span class='ocrx_word' id='word_1_188' title='bbox 1182 3087 1238 3138; x_wconf 79' lang='lat' dir='ltr'>Ao-</span> 
     </span>
     <span class='ocr_line' id='line_1_25' title="bbox 172 3161 1243 3236; baseline 0.006 -24"><span class='ocrx_word' id='word_1_189' title='bbox 172 3171 212 3213; x_wconf 85' lang='lat' dir='ltr'>tes</span> <span class='ocrx_word' id='word_1_190' title='bbox 219 3173 395 3232; x_wconf 68' lang='lat' dir='ltr'>pugnasersts</span> <span class='ocrx_word' id='word_1_191' title='bbox 405 3175 568 3236; x_wconf 82' lang='lat' dir='ltr'>quapropter</span> <span class='ocrx_word' id='word_1_192' title='bbox 578 3176 684 3218; x_wconf 79' lang='lat' dir='ltr'>senatus</span> <span class='ocrx_word' id='word_1_193' title='bbox 728 3172 866 3226; x_wconf 67' lang='lat' dir='ltr'>meconem,</span> <span class='ocrx_word' id='word_1_194' title='bbox 884 3161 919 3216; x_wconf 91' lang='lat' dir='ltr'>de</span> <span class='ocrx_word' id='word_1_195' title='bbox 934 3179 986 3234; x_wconf 87' lang='lat' dir='ltr'>qus</span> <span class='ocrx_word' id='word_1_196' title='bbox 1001 3163 1046 3216; x_wconf 88' lang='lat' dir='ltr'>bic</span> <span class='ocrx_word' id='word_1_197' title='bbox 1058 3181 1154 3218; x_wconf 84' lang='lat' dir='ltr'>sermo.</span> <span class='ocrx_word' id='word_1_198' title='bbox 1167 3163 1243 3218; x_wconf 83' lang='lat' dir='ltr'>Vide</span> 
     </span>
     <span class='ocr_line' id='line_1_26' title="bbox 173 3237 1240 3314; baseline 0.005 -24"><span class='ocrx_word' id='word_1_199' title='bbox 173 3237 208 3290; x_wconf 89' lang='lat' dir='ltr'>de</span> <span class='ocrx_word' id='word_1_200' title='bbox 221 3257 253 3290; x_wconf 93' lang='lat' dir='ltr'>eo</span> <span class='ocrx_word' id='word_1_201' title='bbox 265 3241 298 3293; x_wconf 88' lang='lat' dir='ltr'>ab</span> <span class='ocrx_word' id='word_1_202' title='bbox 311 3241 427 3295; x_wconf 83' lang='lat' dir='ltr'>exercitu</span> <span class='ocrx_word' id='word_1_203' title='bbox 441 3241 605 3296; x_wconf 82' lang='lat' dir='ltr'>removendo</span> <span class='ocrx_word' id='word_1_204' title='bbox 619 3256 685 3297; x_wconf 87' lang='lat' dir='ltr'>con·</span> <span class='ocrx_word' id='word_1_205' title='bbox 727 3243 796 3296; x_wconf 88' lang='lat' dir='ltr'>Plin.</span> <span class='ocrx_word' id='word_1_206' title='bbox 807 3243 862 3310; x_wconf 88' lang='lat'>111,</span> <span class='ocrx_word' id='word_1_207' title='bbox 875 3243 973 3308; x_wconf 78' lang='lat' dir='ltr'>5;1.iv.</span> <span class='ocrx_word' id='word_1_208' title='bbox 981 3243 1060 3296; x_wconf 85' lang='lat' dir='ltr'>vul.</span> <span class='ocrx_word' id='word_1_209' title='bbox 1068 3273 1110 3286; x_wconf 92' lang='lat'>·-</span> <span class='ocrx_word' id='word_1_210' title='bbox 1119 3243 1240 3314; x_wconf 50' lang='lat' dir='ltr'>indepto·</span> 
     </span>
     <span class='ocr_line' id='line_1_27' title="bbox 174 3317 1240 3395; baseline 0.008 -26"><span class='ocrx_word' id='word_1_211' title='bbox 174 3317 290 3372; x_wconf 74' lang='lat' dir='ltr'>saltavit.</span> <span class='ocrx_word' id='word_1_212' title='bbox 306 3319 358 3373; x_wconf 88' lang='lat' dir='ltr'>Sed</span> <span class='ocrx_word' id='word_1_213' title='bbox 373 3333 448 3393; x_wconf 84' lang='lat' dir='ltr'>pater</span> <span class='ocrx_word' id='word_1_214' title='bbox 462 3321 526 3375; x_wconf 79' lang='lat' dir='ltr'>Feb.</span> <span class='ocrx_word' id='word_1_215' title='bbox 539 3323 611 3376; x_wconf 78' lang='lat' dir='ltr'>Mox.</span> <span class='ocrx_word' id='word_1_216' title='bbox 628 3326 685 3395; x_wconf 84' lang='lat' dir='ltr'>ejus</span> <span class='ocrx_word' id='word_1_217' title='bbox 729 3333 767 3374; x_wconf 82' lang='lat' dir='ltr'>tos</span> <span class='ocrx_word' id='word_1_218' title='bbox 774 3361 849 3376; x_wconf 89' lang='grc'><strong><em>........</em></strong></span> <span class='ocrx_word' id='word_1_219' title='bbox 850 3323 1240 3394; x_wconf 80' lang='lat' dir='ltr'>jrosr&#39;eset.b1ejoresvoloere,</span> 
     </span>
     <span class='ocr_line' id='line_1_28' title="bbox 173 3396 1239 3474; baseline 0.008 -26"><span class='ocrx_word' id='word_1_220' title='bbox 173 3396 276 3466; x_wconf 75' lang='lat' dir='ltr'>legatus</span> <span class='ocrx_word' id='word_1_221' title='bbox 286 3397 368 3452; x_wconf 78' lang='lat' dir='ltr'>laetus</span> <span class='ocrx_word' id='word_1_222' title='bbox 379 3399 481 3468; x_wconf 74' lang='lat' dir='ltr'>effecit,</span> <span class='ocrx_word' id='word_1_223' title='bbox 493 3415 524 3455; x_wconf 85' lang='lat' dir='ltr'>ut</span> <span class='ocrx_word' id='word_1_224' title='bbox 533 3401 604 3456; x_wconf 78' lang='lat' dir='ltr'>filius</span> <span class='ocrx_word' id='word_1_225' title='bbox 613 3403 686 3456; x_wconf 83' lang='lat' dir='ltr'>cessis</span> <span class='ocrx_word' id='word_1_226' title='bbox 729 3399 763 3455; x_wconf 81' lang='lat' dir='ltr'>td</span> <span class='ocrx_word' id='word_1_227' title='bbox 775 3403 909 3456; x_wconf 84' lang='lat' dir='ltr'>consulem</span> <span class='ocrx_word' id='word_1_228' title='bbox 919 3402 1052 3456; x_wconf 82' lang='lat' dir='ltr'>nentinem</span> <span class='ocrx_word' id='word_1_229' title='bbox 1064 3421 1123 3474; x_wconf 82' lang='lat' dir='ltr'>equo</span> <span class='ocrx_word' id='word_1_230' title='bbox 1134 3403 1239 3456; x_wconf 65' lang='lat' dir='ltr'>muen-</span> 
     </span>
     <span class='ocr_line' id='line_1_29' title="bbox 174 3474 1241 3554; baseline 0.007 -26"><span class='ocrx_word' id='word_1_231' title='bbox 174 3474 338 3530; x_wconf 87' lang='lat' dir='ltr'>Samnitibns</span> <span class='ocrx_word' id='word_1_232' title='bbox 346 3479 530 3551; x_wconf 83' lang='lat' dir='ltr'>triumpharet.</span> <span class='ocrx_word' id='word_1_233' title='bbox 535 3479 606 3534; x_wconf 86' lang='lat' dir='ltr'>Vide</span> <span class='ocrx_word' id='word_1_234' title='bbox 612 3483 685 3554; x_wconf 85' lang='lat' dir='ltr'>Epit.</span> <span class='ocrx_word' id='word_1_235' title='bbox 730 3493 775 3534; x_wconf 83' lang='lat' dir='ltr'>rem</span> <span class='ocrx_word' id='word_1_236' title='bbox 787 3483 891 3549; x_wconf 83' lang='lat' dir='ltr'>venire,</span> <span class='ocrx_word' id='word_1_237' title='bbox 904 3481 950 3535; x_wconf 86' lang='lat' dir='ltr'>sed</span> <span class='ocrx_word' id='word_1_238' title='bbox 963 3481 1073 3535; x_wconf 88' lang='lat' dir='ltr'>honoris</span> <span class='ocrx_word' id='word_1_239' title='bbox 1085 3482 1183 3552; x_wconf 74' lang='lat' dir='ltr'>grene,</span> <span class='ocrx_word' id='word_1_240' title='bbox 1195 3487 1241 3536; x_wconf 67' lang='lat' dir='ltr'>en2</span> 
     </span>
     <span class='ocr_line' id='line_1_30' title="bbox 173 3554 1240 3634; baseline 0.007 -26"><span class='ocrx_word' id='word_1_241' title='bbox 173 3554 264 3622; x_wconf 85' lang='lat' dir='ltr'>Livii,</span> <span class='ocrx_word' id='word_1_242' title='bbox 279 3556 326 3609; x_wconf 88' lang='lat' dir='ltr'>lib.</span> <span class='ocrx_word' id='word_1_243' title='bbox 346 3557 386 3611; x_wconf 80' lang='lat' dir='ltr'>Xl</span> <span class='ocrx_word' id='word_1_244' title='bbox 406 3554 474 3622; x_wconf 78' lang='lat' dir='ltr'>(An.</span> <span class='ocrx_word' id='word_1_245' title='bbox 493 3559 529 3615; x_wconf 86' lang='lat' dir='ltr'>U.</span> <span class='ocrx_word' id='word_1_246' title='bbox 548 3557 633 3625; x_wconf 70' lang='lat' dir='ltr'>sta).</span> <span class='ocrx_word' id='word_1_247' title='bbox 646 3593 687 3604; x_wconf 94' lang='lat'>-</span> <span class='ocrx_word' id='word_1_248' title='bbox 729 3571 835 3633; x_wconf 87' lang='lat' dir='ltr'>tequam</span> <span class='ocrx_word' id='word_1_249' title='bbox 856 3562 958 3615; x_wconf 87' lang='lat' dir='ltr'>consuli</span> <span class='ocrx_word' id='word_1_250' title='bbox 984 3561 1240 3634; x_wconf 83' lang='lat' dir='ltr'>appropinquasset,</span> 
     </span>
     <span class='ocr_line' id='line_1_31' title="bbox 174 3634 896 3696; baseline 0.008 -8"><span class='ocrx_word' id='word_1_251' title='bbox 174 3634 688 3696; x_wconf 76' lang='lat' dir='ltr'>Elidentssr.Premeretur—PriorFo-</span> <span class='ocrx_word' id='word_1_252' title='bbox 729 3639 896 3695; x_wconf 82' lang='lat' dir='ltr'>descendere.</span> 
     </span>
     <span class='ocr_line' id='line_1_32' title="bbox 174 3713 1240 3792; baseline 0.013 -25"><span class='ocrx_word' id='word_1_253' title='bbox 174 3714 228 3768; x_wconf 75' lang='lat' dir='ltr'>bins</span> <span class='ocrx_word' id='word_1_254' title='bbox 243 3716 296 3769; x_wconf 81' lang='lat' dir='ltr'>fnit</span> <span class='ocrx_word' id='word_1_255' title='bbox 310 3713 461 3784; x_wconf 73' lang='lat' dir='ltr'>Bulliones,</span> <span class='ocrx_word' id='word_1_256' title='bbox 473 3721 604 3792; x_wconf 80' lang='lat' dir='ltr'>posterior</span> <span class='ocrx_word' id='word_1_257' title='bbox 617 3721 687 3774; x_wconf 84' lang='lat' dir='ltr'>Ver·</span> <span class='ocrx_word' id='word_1_258' title='bbox 771 3719 798 3775; x_wconf 82' lang='lat'>3.</span> <span class='ocrx_word' id='word_1_259' title='bbox 818 3720 962 3792; x_wconf 73' lang='lat' dir='ltr'>Apporemt.</span> <span class='ocrx_word' id='word_1_260' title='bbox 983 3719 1123 3790; x_wconf 75' lang='lat' dir='ltr'>Apparere,</span> <span class='ocrx_word' id='word_1_261' title='bbox 1143 3734 1240 3792; x_wconf 60' lang='lat' dir='ltr'>presto</span> 
     </span>
     <span class='ocr_line' id='line_1_33' title="bbox 172 3794 1242 3872; baseline 0.006 -24"><span class='ocrx_word' id='word_1_262' title='bbox 172 3811 293 3850; x_wconf 81' lang='lat' dir='ltr'>ruooms.</span> <span class='ocrx_word' id='word_1_263' title='bbox 310 3794 382 3851; x_wconf 84' lang='lat' dir='ltr'>Vide</span> <span class='ocrx_word' id='word_1_264' title='bbox 402 3798 460 3851; x_wconf 80' lang='lat' dir='ltr'>Lis.</span> <span class='ocrx_word' id='word_1_265' title='bbox 484 3799 595 3866; x_wconf 72' lang='lat' dir='ltr'>xxiv3</span> <span class='ocrx_word' id='word_1_266' title='bbox 617 3799 687 3854; x_wconf 88' lang='lat' dir='ltr'>Gell.</span> <span class='ocrx_word' id='word_1_267' title='bbox 731 3819 786 3854; x_wconf 87' lang='lat' dir='ltr'>esse</span> <span class='ocrx_word' id='word_1_268' title='bbox 799 3812 826 3853; x_wconf 88' lang='lat' dir='ltr'>et</span> <span class='ocrx_word' id='word_1_269' title='bbox 838 3800 987 3853; x_wconf 75' lang='lat' dir='ltr'>ministrare</span> <span class='ocrx_word' id='word_1_270' title='bbox 1001 3799 1242 3872; x_wconf 84' lang='lat' dir='ltr'>consuli.1mpera·</span> 
     </span>
     <span class='ocr_line' id='line_1_34' title="bbox 174 3874 1241 3952; baseline 0.007 -26"><span class='ocrx_word' id='word_1_271' title='bbox 174 3874 218 3940; x_wconf 90' lang='lat'>11,</span> <span class='ocrx_word' id='word_1_272' title='bbox 233 3893 260 3930; x_wconf 83' lang='lat' dir='ltr'>s.</span> <span class='ocrx_word' id='word_1_273' title='bbox 274 3878 373 3930; x_wconf 79' lang='grc' dir='ltr'><strong>-Αιι,</strong></span> <span class='ocrx_word' id='word_1_274' title='bbox 382 3877 418 3930; x_wconf 88' lang='lat' dir='ltr'>U.</span> <span class='ocrx_word' id='word_1_275' title='bbox 435 3877 500 3942; x_wconf 74' lang='lat' dir='ltr'>sse.</span> <span class='ocrx_word' id='word_1_276' title='bbox 730 3881 784 3946; x_wconf 78' lang='lat' dir='ltr'>vit,</span> <span class='ocrx_word' id='word_1_277' title='bbox 795 3891 825 3932; x_wconf 89' lang='lat' dir='ltr'>ut</span> <span class='ocrx_word' id='word_1_278' title='bbox 833 3879 912 3932; x_wconf 89' lang='lat' dir='ltr'>lictor</span> <span class='ocrx_word' id='word_1_279' title='bbox 920 3878 1039 3932; x_wconf 83' lang='lat' dir='ltr'>officinm</span> <span class='ocrx_word' id='word_1_280' title='bbox 1048 3879 1157 3944; x_wconf 74' lang='lat' dir='ltr'>laceret,</span> <span class='ocrx_word' id='word_1_281' title='bbox 1167 3879 1241 3952; x_wconf 87' lang='lat' dir='ltr'>qood</span> 
     </span>
    </p>

    <p class='ocr_par' dir='ltr' id='par_1_5' title="bbox 175 3955 1242 4268">
     <span class='ocr_line' id='line_1_35' title="bbox 220 3955 1242 4032; baseline 0.007 -25"><span class='ocrx_word' id='word_1_282' title='bbox 220 3955 329 4010; x_wconf 76' lang='lat' dir='ltr'>sten.</span> <span class='ocrx_word' id='word_1_283' title='bbox 337 3955 450 4010; x_wconf 73' lang='lat' dir='ltr'>Fallitur</span> <span class='ocrx_word' id='word_1_284' title='bbox 456 3957 546 4010; x_wconf 82' lang='lat' dir='ltr'>Veler.</span> <span class='ocrx_word' id='word_1_285' title='bbox 556 3955 689 4032; x_wconf 67' lang='lat' dir='ltr'>Namque</span> <span class='ocrx_word' id='word_1_286' title='bbox 731 3959 819 4012; x_wconf 79' lang='lat' dir='ltr'>coeteri</span> <span class='ocrx_word' id='word_1_287' title='bbox 836 3958 942 4012; x_wconf 82' lang='lat' dir='ltr'>lictores</span> <span class='ocrx_word' id='word_1_288' title='bbox 956 3959 1139 4032; x_wconf 80' lang='lat' dir='ltr'>neglexerant,</span> <span class='ocrx_word' id='word_1_289' title='bbox 1154 3971 1180 4013; x_wconf 86' lang='lat' dir='ltr'>et</span> <span class='ocrx_word' id='word_1_290' title='bbox 1194 3979 1242 4032; x_wconf 81' lang='lat' dir='ltr'>ps·</span> 
     </span>
     <span class='ocr_line' id='line_1_36' title="bbox 175 4035 1242 4112; baseline 0.007 -27"><span class='ocrx_word' id='word_1_291' title='bbox 175 4047 249 4087; x_wconf 85' lang='lat' dir='ltr'>none</span> <span class='ocrx_word' id='word_1_292' title='bbox 275 4049 436 4108; x_wconf 80' lang='lat' dir='ltr'>sequomm,</span> <span class='ocrx_word' id='word_1_293' title='bbox 462 4035 604 4090; x_wconf 73' lang='lat' dir='ltr'>nibnends</span> <span class='ocrx_word' id='word_1_294' title='bbox 628 4051 690 4093; x_wconf 82' lang='lat' dir='ltr'>sont</span> <span class='ocrx_word' id='word_1_295' title='bbox 732 4051 878 4112; x_wconf 82' lang='lat' dir='ltr'>tremeqno</span> <span class='ocrx_word' id='word_1_296' title='bbox 891 4035 1242 4112; x_wconf 82' lang='lat' dir='ltr'>descenderejuberer.Un·</span> 
     </span>
     <span class='ocr_line' id='line_1_37' title="bbox 176 4111 1242 4193; baseline 0.008 -29"><span class='ocrx_word' id='word_1_297' title='bbox 176 4111 262 4166; x_wconf 77' lang='lat' dir='ltr'>Fabio</span> <span class='ocrx_word' id='word_1_298' title='bbox 275 4115 393 4169; x_wconf 76' lang='lat' dir='ltr'>Muimo</span> <span class='ocrx_word' id='word_1_299' title='bbox 410 4117 545 4170; x_wconf 79' lang='lat' dir='ltr'>Vermeoso</span> <span class='ocrx_word' id='word_1_300' title='bbox 560 4133 606 4171; x_wconf 85' lang='lat' dir='ltr'>sen</span> <span class='ocrx_word' id='word_1_301' title='bbox 623 4116 690 4171; x_wconf 80' lang='lat' dir='ltr'>Croe-</span> <span class='ocrx_word' id='word_1_302' title='bbox 732 4115 817 4172; x_wconf 82' lang='lat' dir='ltr'>decim</span> <span class='ocrx_word' id='word_1_303' title='bbox 828 4117 934 4172; x_wconf 83' lang='lat' dir='ltr'>lictores</span> <span class='ocrx_word' id='word_1_304' title='bbox 949 4119 1048 4173; x_wconf 86' lang='lat' dir='ltr'>scilicet</span> <span class='ocrx_word' id='word_1_305' title='bbox 1058 4123 1113 4193; x_wconf 83' lang='lat' dir='ltr'>jem</span> <span class='ocrx_word' id='word_1_306' title='bbox 1131 4137 1242 4192; x_wconf 70' lang='lat' dir='ltr'>preces·</span> 
     </span>
     <span class='ocr_line' id='line_1_38' title="bbox 176 4195 1241 4268; baseline 0.006 -24"><span class='ocrx_word' id='word_1_307' title='bbox 176 4197 275 4247; x_wconf 61' lang='lat' dir='ltr'>aaron.</span> <span class='ocrx_word' id='word_1_308' title='bbox 289 4225 331 4241; x_wconf 83' lang='lat'><em>-</em></span> <span class='ocrx_word' id='word_1_309' title='bbox 351 4195 472 4251; x_wconf 70' lang='lat' dir='ltr'>swam.</span> <span class='ocrx_word' id='word_1_310' title='bbox 495 4197 589 4252; x_wconf 82' lang='lat' dir='ltr'>Suessa</span> <span class='ocrx_word' id='word_1_311' title='bbox 609 4197 692 4252; x_wconf 70' lang='lat' dir='ltr'>alters</span> <span class='ocrx_word' id='word_1_312' title='bbox 733 4197 941 4254; x_wconf 76' lang='lat' dir='ltr'>serantssllnst.</span> <span class='ocrx_word' id='word_1_313' title='bbox 953 4197 988 4253; x_wconf 87' lang='lat' dir='ltr'>de</span> <span class='ocrx_word' id='word_1_314' title='bbox 1002 4197 1076 4253; x_wconf 83' lang='lat' dir='ltr'>Bello</span> <span class='ocrx_word' id='word_1_315' title='bbox 1089 4197 1183 4268; x_wconf 61' lang='lat' dir='ltr'>lupe.</span> <span class='ocrx_word' id='word_1_316' title='bbox 1197 4217 1241 4250; x_wconf 77' lang='lat' dir='ltr'>is·</span> 
     </span>
    </p>
   </div>
   <div class='ocr_carea' id='block_1_4' title="bbox 0 0 1609 5132">
    <p class='ocr_par' dir='ltr' id='par_1_6' title="bbox 0 0 1609 5132">
     <span class='ocr_line' id='line_1_39' title="bbox 0 0 1609 5132; baseline 0 0"><span class='ocrx_word' id='word_1_317' title='bbox 0 0 1609 5132; x_wconf 95' lang='lat' dir='ltr'> </span> 
     </span>
    </p>
   </div>
  </div>
 </body>
</html>
