3168 5124
249 487 355 554 CAP.
385 489 455 574 IX,
482 489 553 555 DE
581 489 766 554 MUTAT.
795 489 1004 555 MORUM.
1081 493 1156 586 479

99 633 135 688 ut
150 617 424 698 ualidissimorum
439 617 638 713 populorum
655 631 783 688 tantum
795 645 863 688 non
877 619 1000 688 arbiter
1013 622 1158 692 victoriae

100 727 280 812 exsisteret,
293 725 387 819 parvi
401 726 559 820 temporis
571 723 741 818 interjecta
754 749 863 813 mora,
876 739 1045 796 catenatus
1059 751 1078 795 a
1092 731 1158 798 Lae

100 831 142 900 lio
161 830 269 925 legato
290 831 331 899 ad
353 832 538 926 Scipionem
560 833 792 924 imperatorem
814 847 999 926 pertractus
1018 847 1067 902 est
1083 860 1090 902 :
1106 860 1159 904 cu·

96 939 213 1031 jusque
229 937 398 1006 dexteram
416 939 506 1032 regio
523 936 665 1006 insidens
681 936 762 1006 solio
781 941 948 1033 arroganti
966 963 1066 1008 manu
1084 943 1157 1008 atti-

100 1057 206 1138 gerat,
225 1045 294 1137 ejus
316 1043 452 1138 genibus
467 1042 606 1138 supplex
622 1044 806 1136 procubuit.
823 1045 956 1115 Caduca
971 1046 1109 1115 nimium
1125 1061 1159 1114 et
1177 1057 1181 1072 '

100 1148 242 1245 fragilia,
260 1149 503 1244 puerilibusque
521 1164 739 1218 consentanea
760 1150 963 1244 crepundiis¹
986 1166 1062 1220 sunt
1080 1154 1158 1237 ista,

98 1281 171 1349 quae
191 1256 277 1324 vires
296 1271 393 1350 atque
411 1281 490 1350 opes
508 1256 661 1324 laumanae
677 1271 856 1344 uocantum
875 1257 1018 1326 affluunt
1036 1253 1179 1333 subito.'

99 1377 235 1456 repente
257 1361 447 1431 dilabuntur
462 1388 469 1429 :
487 1361 578 1430 nullo
600 1363 633 1428 in
650 1360 740 1450 loco,
763 1360 852 1430 nulla
872 1364 906 1430 in
928 1389 1068 1457 persona
1089 1379 1156 1433 sta-

99 1467 217 1536 bilibus
239 1469 314 1536 nixa
330 1467 494 1536 radicibus
515 1469 715 1552 consistunt3
739 1468 796 1537 sed
821 1469 1037 1539 incertissimo
1059 1470 1157 1538 ssatu²

98 1573 240 1643 fortuna
260 1574 327 1643 huc
349 1588 447 1667 atque
470 1572 547 1642 illuc
568 1587 663 1660 acta,
684 1599 767 1667 quos
788 1573 926 1643 sublime
950 1574 1159 1660 extulerunt,

98 1683 163 1775 imp
171 1682 279 1749 roviso
297 1705 433 1750 recursu
453 1679 642 1767 destitutos,
658 1680 823 1772 profundo
839 1680 980 1750 cladium
996 1683 1160 1750 miserabi-

99 1784 173 1854 liter
188 1788 406 1881 immergunt:
427 1790 536 1880 itaque
554 1811 660 1879 neque
682 1771 874 1873 existimari,
894 1813 1000 1881 neque
1018 1787 1082 1856 dici
1101 1788 1156 1856 de-

100 1892 179 1961 bent
198 1892 304 1980 bona,
324 1878 409 1986 quae³
428 1893 626 1962 inflictorum
645 1889 807 1960 malorum
829 1893 1081 1962 amaritudinem
1102 1893 1157 1962 de·

101 1998 220 2067 siderio
240 2000 290 2068 sui
309 1997 486 2093 duplicent.

103 2198 193 2264 XXX;
205 2198 298 2268 Polyb.
310 2199 385 2251 XIV.
394 2231 434 2240 --
448 2199 551 2250 Tantum
561 2216 607 2248 nun
651 2195 715 2249 dens
726 2197 754 2248 in
767 2196 854 2249 sinum
868 2216 944 2249 staram
959 2195 1058 2252 dieitur
1067 2217 1158 2253 recur-

101 2277 189 2329 arbiter
201 2277 318 2330 victorie.
336 2281 377 2330 lta
389 2279 456 2329 bene
470 2296 502 2329 cx
514 2279 606 2346 Camp.
655 2295 722 2328 rere.
736 2277 810 2329 Curt.
826 2277 880 2342 IX,
897 2284 935 2344 9,
948 2296 994 2344 ²⁰3
1009 2297 1081 2350 supr.
1103 2281 1157 2344 111,
1264 2270 1268 2278 ’

103 2357 217 2410 restituit
225 2357 341 2426 Pighius.
352 2357 453 2410 Aliirel
462 2368 552 2408 tuntum
562 2375 608 2407 non
653 2362 684 2420 d,
696 2356 740 2408 23.

102 2435 240 2500 omittunt,
254 2437 558 2490 velhabentnontantum
571 2455 609 2486 an
693 2435 718 2487 3.
741 2435 803 2504 Quoe
818 2436 959 2505 inflictorum
971 2457 1001 2490 m.
1017 2438 1158 2489 amaritudi-

102 2515 170 2578 drler,
180 2517 227 2569 sed
233 2528 256 2566 et
264 2519 343 2568 uictor
349 2519 466 2568 victorie.
476 2515 525 2568 Ed.
535 2516 607 2586 Lips.
651 2533 702 2564 nem
714 2514 829 2566 desiderio
843 2535 863 2567 s.
880 2515 904 2566 d.
920 2515 960 2567 Ita
972 2517 1115 2569 Torrenius
1126 2535 1158 2569 ex

102 2596 389 2650 Thannerinontanrum
397 2595 607 2656 arbitervictorioe,
651 2584 1158 2668 MSScteddltextumrestituit,quum

102 2677 143 2726 sed
155 2689 180 2727 et
195 2679 284 2727 autor.
653 2673 760 2743 Pighius
775 2691 808 2725 ex
825 2673 880 2725 solo
897 2675 995 2727 Cuucb.
1012 2675 1134 2730 edidisset
1151 2695 1158 2730 ε

143 2775 167 2809 1.
182 2753 335 2826 Crepundiis.
347 2755 492 2807 Puerorum
501 2753 529 2805 in
542 2753 610 2805 collo
653 2771 706 2823 quoe
720 2761 747 2804 ut
761 2755 776 2805 i.
794 2771 824 2804 m.
839 2754 997 2804 amaritudine
1020 2755 1159 2806 desiderium

102 2833 228 2906 suspendi
243 2834 333 2887 solitis.
653 2834 691 2882 sui
704 2832 843 2903 duplicent:
855 2836 1007 2902 propensiore
1014 2835 1100 2899 favore
1110 2838 1161 2904 pri·

142 2933 167 2967 a.
191 2915 277 2968 Flatu.
297 2913 337 2966 Ac
355 2913 376 2964 si
396 2911 508 2976 diceret,
526 2911 612 2963 ventis
654 2929 692 2962 mo
705 2911 826 2972 delinitos,
844 2913 931 2980 majore
946 2925 1030 2982 postea
1046 2914 1160 2964 nudarum

102 2992 208 3046 similia.
220 2995 293 3046 Bona
302 2991 403 3063 duplici
411 2993 513 3044 ratione
522 3003 611 3045 nostra
654 2990 747 3041 cumulo
761 2995 889 3060 opprunere
900 2991 983 3042 solent.
997 2992 1031 3043 Ut
1042 2990 1160 3045 additum

101 3070 154 3125 dici
164 3091 224 3125 non
232 3084 355 3145 possunt;
364 3071 426 3142 quia
435 3090 490 3123 non
498 3070 611 3134 stabilia,
655 3081 694 3121 est
704 3069 737 3122 ab
751 3069 861 3139 ignaris,
874 3068 945 3121 unde
960 3068 1088 3140 penderet
1102 3071 1162 3124 sub·

103 3151 232 3224 tardeque
242 3153 320 3204 nobis
328 3151 395 3222 eripi
404 3163 530 3222 possunt,
540 3148 613 3220 quo'd
653 3149 786 3219 junctirus
800 3149 927 3220 duplicent.
943 3151 978 3202 At
993 3168 1083 3202 senem
1098 3164 1136 3204 est
1153 3169 1160 3204 τ

103 3245 192 3286 autem
209 3245 329 3284 nostrum
343 3243 396 3296 est,
411 3248 493 3282 nemo
507 3249 522 3281 a
537 3230 613 3282 nobis
655 3245 713 3298 quaa
720 3229 983 3298 taliasunt‚quorum
990 3228 1107 3282 conditio
1114 3244 1162 3297 est,

103 3312 198 3366 antem.
208 3310 324 3376 Deinde,
332 3311 353 3364 si
365 3312 434 3362 bona
443 3322 540 3374 essent,
548 3327 615 3361 nun·
656 3320 686 3360 ut
693 3306 838 3377 duplicent.
844 3307 977 3362 Posuema
985 3328 1048 3362 vero
1057 3311 1135 3362 verba
1146 3329 1161 3363 a

104 3407 182 3459 φιιιπ
199 3391 276 3444 nobis
289 3403 423 3443 nocerent.
439 3386 503 3441 vid.
520 3388 612 3441 Eoeth.
653 3391 804 3457 propensam
811 3405 894 3458 usque
903 3386 936 3441 ad
945 3389 1032 3452 solent,
1046 3389 1162 3441 innullir

104 3467 616 3542 deCons.pb.l.lV.-1lecursu.Tmns·
656 3466 730 3518 libris
746 3466 803 3519 aliie
821 3485 870 3519 nec
886 3467 1004 3538 scriptis,
1015 3486 1064 3520 nec
1086 3466 1163 3521 editis

104 3548 168 3602 letio
181 3552 216 3605 ab
231 3563 295 3603 estu
310 3549 426 3614 marino,
442 3549 486 3618 qui
500 3559 614 3600 retroce-
657 3545 834 3616 reperiuntur.
