3196 5122
287 517 390 588 CAP.
420 519 491 605 Vl,
518 519 586 588 DE
614 518 866 588 LICENTIA
894 520 1108 589 CULTUS.
1167 547 1243 620 ²²9

166 649 353 746 subjectum
382 650 509 720 habuit.
542 650 697 740 Quorum
726 648 814 720 filius
836 650 996 740 Pulcher,
1020 667 1242 750 preterquam

166 757 258 852 quod
272 782 429 828 enervem
447 772 481 828 et
499 755 669 852 frigidam¹
690 757 864 850 juventam
888 760 970 852 egit,
992 760 1124 856 perdito
1144 763 1243 832 etiam

167 889 282 934 amore
294 864 529 961 vulgatissimae
542 865 725 934 meretricis
740 864 871 934 insumis
888 865 964 954 fuit,
978 868 1161 964 mortisque
1173 893 1245 939 eru·

168 971 334 1042 bescendo
355 995 476 1066 genere
495 985 714 1066 consumptus
732 984 799 1060 est;
817 969 1011 1042 abdomine²
1036 975 1124 1044 enim
1146 975 1242 1046 avide

168 1079 342 1167 devorato,
352 1078 447 1148 foedae
456 1102 495 1148 ac
505 1077 647 1148 sordidae
656 1078 919 1172 intemperantiae
929 1079 1081 1173 spiritum
1090 1080 1242 1152 reddidit.

224 1188 259 1272 Δ.
277 1189 352 1255 Jam
367 1187 409 1274 Q.
426 1184 559 1280 quidem
572 1185 758 1272 Hortensii,
770 1185 828 1280 qui
840 1185 874 1254 in
888 1187 1032 1256 maximo
1047 1201 1080 1256 et
1087 1189 1245 1283 ingenuo·

170 1318 246 1361 rum
259 1293 382 1362 civium
395 1306 428 1361 et
442 1275 739 1387 amplissimorum³
755 1307 937 1386 proventu,
952 1317 1119 1364 summum
1134 1309 1245 1366 aucto-

170 1400 276 1469 ritatis
297 1413 397 1493 atque
417 1398 613 1493 eloquentiae
631 1397 772 1492 gradum
790 1398 950 1485 obtinuit,-
971 1423 1075 1494 nepos
1098 1403 1243 1471 Horten·

171 1507 237 1574 sius
262 1505 387 1576 Corbio
410 1505 564 1574 omnibus
581 1505 698 1574 scortis
717 1504 929 1598 abjectiorem
951 1519 985 1574 et
1003 1505 1244 1578 obscoeniorem
1293 1519 1300 1526 “

169 1615 272 1684 vitem
298 1614 439 1707 exegit:
468 1611 510 1681 ad
534 1609 755 1706 ultimumque
783 1609 895 1706 lingua
921 1612 993 1705 ejus
1017 1626 1086 1681 tam
1114 1611 1244 1684 libidini

171 1733 370 1789 cunctorum
391 1719 477 1786 inter
495 1715 666 1814 lupanaria
685 1719 848 1814 prostitit,
866 1742 966 1814 quam
984 1720 1039 1788 evi
1061 1743 1124 1814 pro
1140 1718 1244 1790 salute

172 1827 295 1896 civium
314 1826 350 1894 in
365 1824 441 1894 foro
455 1824 666 1895 excubuerat.

525 2030 760 2120 CAPUT
802 2031 885 2118 Vl.

202 2231 257 2297 De
278 2225 464 2297 illustribus
482 2233 544 2322 qui
561 2233 597 2297 in
618 2241 715 2296 veste
735 2241 801 2296 aut
818 2241 944 2296 coetero
966 2228 1060 2298 cultu
1077 2227 1232 2298 heentrlrs

546 2331 614 2402 sibi
632 2320 874 2402 zndnnenmel.
1034 2317 1037 2326 ¹

175 2505 195 2536 r.
212 2491 237 2536 Ρ.
251 2487 330 2550 Scipio
341 2487 428 2548 MrJ‘or.
439 2511 471 2522 -
482 2501 503 2534 n.
516 2489 542 2534 1.
556 2485 635 2548 Scipio
646 2485 769 2534 trierim.
783 2511 815 2522 -
827 2487 850 2534 3.
867 2487 893 2533 1.
910 2485 1031 2534 Cornelius
1048 2486 1121 2536 sut«.
1140 2513 1170 2524 -
1183 2495 1206 2545 4.
1219 2489 1245 2536 C.

219 2567 321 2614 Duilius.
333 2592 365 2602 -
377 2567 401 2614 5.
413 2567 441 2614 C.
451 2565 556 2628 Papirius
569 2565 655 2612 Mauo.
668 2589 697 2601 -
708 2564 732 2612 6.
745 2565 772 2612 C.
790 2565 886 2612 Murius.
897 2589 929 2600 -
942 2581 963 2625 7.
974 2567 1009 2612 hl.
1021 2567 1079 2613 Ceto
1089 2567 1214 2616 utemur

226 2729 465 2800 Animadverto
489 2728 524 2796 in
549 2751 649 2822 quam
677 2725 899 2821 periculosum
922 2729 989 2797 'iter
1016 2731 1244 2823 processerim.

174 2841 292 2932 Itaque
312 2861 366 2906 me
388 2837 459 2930 ipse
477 2833 664 2918 revocab03
686 2857 746 2920 ne,
769 2834 795 2902 si
812 2833 938 2928 reliqua
955 2833 1101 2928 ejusdem
1118 2838 1248 2966 §eneris

175 2943 347 3039 naufragia
369 2942 554 3012 consectari
574 2963 850 3036 perseveravero,
871 2939 981 3032 aliqua
1007 2937 1115 3009 inutili
1157 2939 1246 3010 rela-

176 3052 263 3120 tione
275 3049 434 3145 implicer.
445 3045 603 3117 Referam
613 3047 715 3142 igitur
725 3044 844 3142 pedem
853 3098 863 3134 ,
872 3043 1103 3140 deformesque
1112 3047 1247 3118 umbras

220 3270 244 3305 r.
260 3250 399 3320 Frigidam.
412 3248 539 3320 Segnem,
554 3267 638 3321 quum
651 3267 692 3302 er·
734 3246 887 3302 devorabat.
904 3245 973 3300 Nem
988 3259 1064 3312 eunt,
1079 3247 1126 3318 qui
1142 3245 1248 3316 dicent,

178 3330 229 3384 dor
241 3331 375 3402 precipue
390 3329 425 3382 sit
438 3331 574 3400 juvenum.
735 3327 893 3382 hoenomen
902 3345 964 3381 eum
975 3327 1106 3399 accepisse
1114 3328 1250 3383 avoraudi

223 3431 247 3464 ι.
269 3409 414 3464 Abdomine.
438 3408 535 3478 Pingui
545 3407 634 3462 suillo.
651 3439 692 3454 -
734 3406 888 3480 eupiditate.
912 3407 1038 3461 Corbe'tare
1052 3425 1160 3478 quoque
1176 3409 1247 3480 apud

178 3496 230 3546 An.
247 3490 282 3544 U.
299 3507 366 3560 7¹²·
735 3489 861 3542 Plautum
882 3500 922 3542 est
936 3485 1013 3541 eride
1028 3485 1168 3558 deglutire.
1184 3487 1249 3543 vid.

221 3571 248 3624 3.
270 3571 469 3639 Ingaunorum...
483 3568 691 3640 arnplisrr'momm.
736 3567 845 3622 Sueton.
867 3569 958 3622 Tiber.
978 3573 1024 3637 47.

179 3653 247 3706 Tres
267 3649 345 3703 MSS.
362 3652 517 3722 ingeniorum.
538 3647 610 3721 Lipe.
629 3665 694 3702 eon-
779 3654 805 3713 4.
826 3647 1008 3700 ΒείΙὶωινὶὂω
1020 3685 1077 3700 ......
1091 3647 1252 3703 indulserunt.

177 3734 277 3806 jecerat
288 3733 437 3800 ingeniomm
445 3741 469 3780 et
478 3731 563 3784 civium
573 3729 694 3798 amplr'srr'-
737 3728 818 3782 Multi
832 3725 912 3782 codd.
926 3725 1002 3780 MSS.
1018 3727 1127 3782 titulum
1139 3727 1176 3782 ita
1188 3745 1256 3786 cou-¹

180 3831 279 3864 morunt.
294 3811 408 3864 Torren.
421 3812 595 3879 ingeniosorum
610 3810 695 3862 civium
737 3807 873 3862 stituuut:
895 3807 948 3877 Qui
959 3826 990 3859 a
1005 3807 1137 3860 illustribus
1149 3811 1211 3862 or'ris
1226 3812 1251 3861 in

180 3891 297 3964 oonjieit.
311 3889 488 3944 -Summum
500 3922 567 3943 .......
583 3887 694 3942 obtinuit.
738 3900 804 3940 veste
814 3891 991 3940 autinraetem
1002 3888 1068 3939 cultu
1077 3888 1186 3942 licentius
1195 3889 1249 3950 sibi,

180 3973 219 4026 Ut
226 3969 363 4024 interdum
375 3969 542 4032 dubitarent,
553 3980 644 4022 utrum
657 3969 696 4040 ip·
740 3986 810 4039 quam
821 3987 871 4020 mos
879 3971 976 4039 partim
984 3967 1151 4039 permittebat,
1170 3969 1252 4022 indul·

181 4071 209 4106 ee
224 4071 258 4104 an
275 4051 369 4106 Cicero
384 4049 546 4123 eloquentia
560 4047 696 4120 principa·
740 4059 829 4101 serunt.

181 4144 241 4186 tum
265 4131 407 4186 obtineret.
432 4161 473 4174 -
499 4129 596 4183 Corbio.
627 4128 696 4194 Quia
783 4127 809 4182 5.
831 4124 1251 4194 Imulli.Noxie,dnmnoeu.Vid.

181 4224 318 4282 tamquam
325 4213 402 4266 corbis
409 4210 498 4266 omnia
505 4223 616 4283 peteme
626 4209 697 4264 bona
742 4229 821 4282 supro
833 4245 842 4275 ‚
854 4207 910 4276 Ill,
927 4208 957 4274 J,
973 4221 1023 4262 ext.
1042 4229 1065 4262 s.

1007 4297 1066 4378 15³
