3196 5122
345 497 454 567 car.
490 498 541 583 rt,
567 497 636 566 nn
670 497 983 567 nirnsrnre.
1126 497 1196 597 ηε

135 659 235 728 meris
257 655 404 754 perfecta
423 657 553 726 virtus:
577 679 649 750 quae
673 653 805 750 quidem
831 653 960 744 effecit,
987 669 1025 726 ut
1051 658 1195 753 quisquis

134 777 285 836 sanctum
300 779 334 833 et
351 765 519 860 egregium
538 763 645 832 civem
662 760 846 855 significare
857 761 953 852 velit,
968 763 1030 834 sub
1044 765 1192 834 nomine¹

133 871 270 942 Catonis
291 869 434 940 definiat.

322 1081 375 1132 DE
401 1077 656 1132 MAIESTATE
683 1077 1002 1133 Extsttttonutt.

193 1257 221 1305 t.
243 1234 399 1304 Dandum
414 1245 465 1302 est
477 1231 596 1328 aliquid
611 1231 674 1302 loci
689 1233 788 1301 etiam
806 1232 996 1328 alienigenis
1014 1233 1191 1330 exemplis,

131 1357 170 1412 ut
183 1341 370 1412 domesticis
389 1364 538 1436 aspersa,
556 1341 714 1408 varietate
736 1341 805 1435 ipsa
823 1337 996 1408 delectent.
1020 1341 1191 1412 Harmodii

130 1463 165 1517 et
189 1448 418 1542 Aristogitonis
428 1444 452 1535 ²,
472 1447 529 1541 qui
552 1445 698 1516 Athenas
722 1445 892 1540 tyrannide
916 1445 1056 1518 liberare
1083 1451 1193 1518 conati

131 1569 228 1641 sunt,
245 1553 371 1648 effigies
389 1577 494 1622 aeneas
512 1553 655 1640 Xerxes,
675 1573 714 1620 ea
735 1552 818 1622 urhe
835 1552 982 1635 devicta,
1000 1554 1034 1621 in
1050 1577 1191 1650 regnum

131 1685 229 1730 suurn
255 1658 421 1729 transtulit
446 1685 452 1726 :
480 1658 579 1754 longo
604 1657 721 1727 deinde
742 1659 913 1751 interjecto
932 1673 1107 1754 tempore,
1130 1662 1192 1730 Se-
1284 1723 1287 1738 ‚

131 1765 245 1835 leucus
273 1768 308 1834 in
337 1767 507 1859 pristinam
533 1763 644 1833 sedem
672 1763 887 1858 reportandas
909 1768 1047 1835 curavit.
1070 1765 1192 1836 Rhodii

128 1896 264 1966 quoque
278 1895 333 1939 eas
346 1870 420 1939 urbi
436 1895 503 1940 suae
517 1869 688 1964 appulsos,
701 1895 803 1963 quum
816 1871 850 1936 in
863 1869 1044 1964 hospitium
1063 1871 1192 1966 publice

129 1980 346 2064 invitassent,
363 1977 463 2044 sacris
481 1977 579 2045 etiarn
595 1960 838 2070 pulvinaribus³
857 1974 1112 2047 collocaverunt.
1133 1981 1192 2048 Ni·

129 2082 179 2152 hil
197 2084 260 2152 hac
276 2083 436 2150 memoria
455 2079 596 2170 felicius,
611 2105 684 2176 quae
699 2095 828 2150 tantum
842 2083 1062 2152 venerationis
1076 2085 1110 2152 in
1124 2099 1192 2153 tarn

129 2187 273 2282 parvulo
294 2212 358 2256 aere
379 2187 534 2282 possidet.

186 2335 218 2380 n.
240 2311 412 2400 Quantum
425 2335 526 2405 porro
539 2311 675 2380 honoris
694 2309 828 2378 Athenis
841 2309 1022 2380 Xenocrati
1027 2299 1050 2399 ⁴,
1064 2317 1190 2408 sapien·

128 2419 174 2485 tin
193 2418 317 2511 pariter
342 2441 381 2485 ac
403 2418 573 2486 sanctitate
598 2414 708 2502 claro,
730 2415 890 2484 tributum
909 2415 979 2484 est?
998 2420 1066 2508 Qui
1087 2445 1189 2514 quum

129 2523 353 2592 testimonium
372 2521 481 2592 dicere
498 2537 630 2592 coactus
648 2521 793 2590 adaram
812 2523 1018 2612 accessisset,
1038 2540 1076 2594 ut
1095 2551 1188 2612 more

129 2629 201 2723 ejus
221 2614 384 2698 civitatis⁵
402 2629 550 2722 juraret,
572 2629 682 2697 omnia
700 2653 734 2697 se
756 2651 834 2696 vere
857 2627 1023 2718 retulisse,
1044 2635 1188 2702 universi

133 2855 145 2875 ι
156 2807 406 2901 Qnisqdisqinqnit,
417 2839 573 2901 presentem
584 2841 635 2881 stu·
680 2827 717 2880 cis
729 2841 869 2892 memorat,
881 2840 978 2892 statuas
993 2847 1085 2882 eorum
1096 2834 1187 2886 remis·

130 2920 190 2960 turn
199 2907 310 2962 civitatis
320 2907 477 2961 commutari
486 2925 541 2960 uon
550 2907 639 2972 volet,
681 2925 721 2960 sss
729 2906 933 2961 Atheniensibus
941 2909 1114 2962 ebAntiocho
1124 2931 1187 2965 esse.

131 3000 158 3040 et
166 2987 233 3040 civis
241 2999 268 3040 et
275 2989 317 3040 vir
329 2988 416 3040 bonsn
424 2999 489 3040 est.-
501 2984 566 3040 Vid.
579 2986 637 3038 lde·
680 3015 721 3028 —-
740 2985 844 3038 Xerxes.
860 2985 941 3040 Multi
955 2985 1058 3042 codices
1072 2989 1146 3044 MSS.
1162 3004 1188 3042 et

131 3067 207 3120 crob.
219 3067 264 3132 11,
280 3073 307 3131 4.
681 3063 744 3118 edd.
757 3063 859 3118 addunt
870 3085 921 3118 rex.

175 3163 199 3198 1.
211 3145 262 3198 Sub
274 3143 440 3199 nomlne.Vid.
452 3145 514 3198 Juv.
529 3145 572 3210 11,
584 3153 638 3212 405
723 3145 748 3198 3.
769 3145 946 3198 Pulvinuribus.
973 3147 1123 3202 Pulsinsris
1142 3161 1188 3201 aut

130 3223 637 3295 Tertull.Apolog.II;b1artisl.XIl,6.
681 3224 1189 3300 lectisterninintemplisposits‚inqui·

175 3322 201 3355 s.
214 3303 374 3355 Har-modiin
385 3303 639 3374 Aristogitonisflnr*
681 3304 730 3356 bus
747 3302 857 3356 deorum
872 3305 1011 3360 simulacre
1021 3307 1185 3362 locabantur.

130 3380 240 3435 modius
254 3392 281 3434 et
295 3381 469 3454 Aristogiton,
479 3381 591 3454 indigne
604 3384 639 3436 l'e·
723 3390 749 3447 4.
770 3384 911 3438 Xenocrati.
929 3385 1011 3458 Cujus
1028 3386 1109 3439 sitnm
1124 3386 1186 3440 ride

130 3475 223 3515 rentes
237 3460 384 3532 Hipparchi
399 3473 425 3514 et
437 3461 542 3534 Hippin
553 3474 641 3533 tyren·
682 3463 710 3516 in
723 3463 848 3534 Diogenis
859 3464 945 3518 Laert.
961 3465 1032 3520 vitis.
1048 3464 1090 3519 cf.
1101 3467 1183 3521 Cicer.

131 3539 224 3594 uidem
236 3578 245 3606 ,
256 3541 339 3612 primi
358 3539 483 3608 fuerunt,
504 3541 550 3613 qui
566 3542 595 3594 in
607 3543 639 3594 li·
682 3561 732 3614 pro
746 3543 844 3607 Balbo,
857 3561 880 3596 c.
897 3544 921 3596 ⁵.

129 3621 262 3674 bertstem
271 3617 457 3673 vindicandum
469 3620 640 3674 Athenienses
724 3623 749 3674 5.
771 3623 840 3674 More
858 3625 908 3694 ejus
927 3626 1038 3676 ciritutr's.
1056 3623 1185 3679 Testimo-

130 3701 300 3764 excitarunt,
314 3697 408 3752 eodem
430 3699 484 3752 sere
506 3711 639 3773 tempore,
682 3701 757 3754 nium
772 3699 843 3773 apud
854 3701 1026 3755 Athenienses
1039 3701 1081 3756 sel
1096 3723 1183 3758 coram

132 3797 188 3850 quo
199 3792 227 3832 et
237 3779 323 3832 Roma
337 3797 429 3850 regum
440 3779 554 3833 habenas
566 3798 640 3833 recn-
682 3777 804 3833 dicebant
822 3793 913 3848 tester,
926 3780 966 3832 vel
981 3782 1077 3836 tubulis
1092 3785 1184 3838 inscri-

133 3860 208 3912 ssvit.
219 3857 391 3912 Athenienses
405 3859 433 3911 in
447 3877 539 3912 eorum
553 3859 640 3912 bono·
681 3873 757 3931 ptum
771 3861 945 3926 exhibebant3
962 3859 1042 3934 idque
1055 3863 1110 3934 lege
1128 3883 1184 3916 san·

131 3954 188 3990 nm
202 3937 300 4009 effigies
316 3956 399 3992 meas
412 3950 641 4010 erexerunt,qoss
682 3939 780 4003 citum,
798 3959 832 3992 ne
852 3939 911 4010 quis
930 3940 1111 3994 testimoninm
1125 3961 1184 3997 cor·

132 4015 247 4072 &Xerxe
261 4017 358 4072 nblstss
373 4018 488 4071 restituit
506 4019 533 4071 in
549 4037 639 4070 esrum
683 4030 789 4089 rumpet
800 4017 908 4085 ,redst,
923 4021 1183 4076 mutetTestimonio

133 4094 222 4148 locum
239 4109 329 4168 postea
345 4096 476 4150 Seleucus.
488 4096 551 4151 Vid.
570 4097 638 4152 Gell.
683 4097 756 4151 dicto
765 4098 792 4150 in
802 4098 947 4154 liberorum
957 4100 1041 4172 capita
1048 4103 1181 4172 jurabant,

135 4174 233 4242 XVII,
252 4195 296 4230 ss.
312 4175 362 4229 Sed
377 4177 517 4230 Pausanias
530 4178 558 4230 in
572 4178 639 4230 Atti·
683 4197 710 4230 se
720 4196 780 4232 vers
794 4175 898 4270 dicere,
