<?xml version="1.0" encoding="UTF-8"?>
<!DOCTYPE html PUBLIC "-//W3C//DTD XHTML 1.0 Transitional//EN"
    "http://www.w3.org/TR/xhtml1/DTD/xhtml1-transitional.dtd">
<html xmlns="http://www.w3.org/1999/xhtml" xml:lang="en" lang="en">
 <head>
  <title>
</title>
<meta http-equiv="Content-Type" content="text/html;charset=utf-8" />
  <meta name='ocr-system' content='tesseract 3.04.00' />
  <meta name='ocr-capabilities' content='ocr_page ocr_carea ocr_par ocr_line ocrx_word'/>
</head>
<body>
  <div class='ocr_page' id='page_1' title='image "./valeriusmaximus01lykogoog_0500.png"; bbox 0 0 3168 5124; ppageno 0'>
   <div class='ocr_carea' id='block_1_1' title="bbox 280 557 1181 662">
    <p class='ocr_par' dir='ltr' id='par_1_1' title="bbox 280 557 1181 662">
     <span class='ocr_line' id='line_1_1' title="bbox 280 557 1181 662; baseline 0.018 -40"><span class='ocrx_word' id='word_1_1' title='bbox 280 557 383 623; x_wconf 75' lang='lat' dir='ltr'><strong>cnr.</strong></span> <span class='ocrx_word' id='word_1_2' title='bbox 407 557 481 644; x_wconf 86' lang='lat' dir='ltr'><strong>1x,</strong></span> <span class='ocrx_word' id='word_1_3' title='bbox 504 559 571 625; x_wconf 86' lang='lat' dir='ltr'><strong>nu</strong></span> <span class='ocrx_word' id='word_1_4' title='bbox 600 559 786 628; x_wconf 75' lang='lat' dir='ltr'><strong>uuunr.</strong></span> <span class='ocrx_word' id='word_1_5' title='bbox 814 561 1024 632; x_wconf 81' lang='lat' dir='ltr'><strong>nonunt.</strong></span> <span class='ocrx_word' id='word_1_6' title='bbox 1106 563 1181 662; x_wconf 73' lang='lat'><strong>475</strong></span> 
     </span>
    </p>
   </div>
   <div class='ocr_carea' id='block_1_2' title="bbox 113 688 1182 1424">
    <p class='ocr_par' dir='ltr' id='par_1_2' title="bbox 113 688 1182 1424">
     <span class='ocr_line' id='line_1_2' title="bbox 119 688 1179 784; baseline 0.013 -30"><span class='ocrx_word' id='word_1_7' title='bbox 119 701 252 781; x_wconf 89' lang='lat' dir='ltr'><strong>petens,</strong></span> <span class='ocrx_word' id='word_1_8' title='bbox 268 711 287 755; x_wconf 88' lang='lat' dir='ltr'><strong>a</strong></span> <span class='ocrx_word' id='word_1_9' title='bbox 304 689 476 757; x_wconf 78' lang='lat' dir='ltr'><strong>maritimis</strong></span> <span class='ocrx_word' id='word_1_10' title='bbox 495 688 703 784; x_wconf 73' lang='lat' dir='ltr'><strong>predonibus</strong></span> <span class='ocrx_word' id='word_1_11' title='bbox 722 693 811 761; x_wconf 86' lang='lat' dir='ltr'><strong>circa</strong></span> <span class='ocrx_word' id='word_1_12' title='bbox 828 691 967 762; x_wconf 86' lang='lat' dir='ltr'><strong>insulam</strong></span> <span class='ocrx_word' id='word_1_13' title='bbox 981 695 1179 768; x_wconf 82' lang='lat' dir='ltr'><strong>Pharmacu-</strong></span> 
     </span>
     <span class='ocr_line' id='line_1_3' title="bbox 117 795 1182 898; baseline 0.01 -37"><span class='ocrx_word' id='word_1_14' title='bbox 117 817 191 862; x_wconf 87' lang='lat' dir='ltr'><strong>sam</strong></span> <span class='ocrx_word' id='word_1_15' title='bbox 215 808 390 889; x_wconf 82' lang='lat' dir='ltr'><strong>exceptus,</strong></span> <span class='ocrx_word' id='word_1_16' title='bbox 411 795 648 890; x_wconf 84' lang='lat' dir='ltr'><strong>‹prinquaginta</strong></span> <span class='ocrx_word' id='word_1_17' title='bbox 670 821 704 865; x_wconf 89' lang='lat' dir='ltr'><strong>se</strong></span> <span class='ocrx_word' id='word_1_18' title='bbox 726 797 859 867; x_wconf 85' lang='lat' dir='ltr'><strong>talentis</strong></span> <span class='ocrx_word' id='word_1_19' title='bbox 883 799 1058 890; x_wconf 81' lang='lat' dir='ltr'><strong>redemit¹3</strong></span> <span class='ocrx_word' id='word_1_20' title='bbox 1079 823 1182 898; x_wconf 80' lang='lat' dir='ltr'><strong>parva</strong></span> 
     </span>
     <span class='ocr_line' id='line_1_4' title="bbox 115 899 1182 1006; baseline 0.014 -40"><span class='ocrx_word' id='word_1_21' title='bbox 115 901 221 994; x_wconf 85' lang='lat' dir='ltr'><strong>igitur</strong></span> <span class='ocrx_word' id='word_1_22' title='bbox 236 923 365 970; x_wconf 88' lang='lat' dir='ltr'><strong>summa</strong></span> <span class='ocrx_word' id='word_1_23' title='bbox 380 899 595 971; x_wconf 89' lang='lat' dir='ltr'><strong>clarissimum</strong></span> <span class='ocrx_word' id='word_1_24' title='bbox 613 901 728 972; x_wconf 91' lang='lat' dir='ltr'><strong>mundi</strong></span> <span class='ocrx_word' id='word_1_25' title='bbox 743 904 832 976; x_wconf 87' lang='lat' dir='ltr'><strong>sidus</strong></span> <span class='ocrx_word' id='word_1_26' title='bbox 846 907 880 974; x_wconf 93' lang='lat' dir='ltr'><strong>in</strong></span> <span class='ocrx_word' id='word_1_27' title='bbox 895 907 1033 1001; x_wconf 90' lang='lat' dir='ltr'><strong>piratico</strong></span> <span class='ocrx_word' id='word_1_28' title='bbox 1051 933 1182 1006; x_wconf 86' lang='lat' dir='ltr'><strong>myopa-</strong></span> 
     </span>
     <span class='ocr_line' id='line_1_5' title="bbox 114 1006 1181 1111; baseline 0.011 -38"><span class='ocrx_word' id='word_1_29' title='bbox 114 1029 202 1074; x_wconf 82' lang='lat' dir='ltr'><strong>rone</strong></span> <span class='ocrx_word' id='word_1_30' title='bbox 219 1007 355 1101; x_wconf 90' lang='lat' dir='ltr'><strong>rependi</strong></span> <span class='ocrx_word' id='word_1_31' title='bbox 373 1006 506 1076; x_wconf 87' lang='lat' dir='ltr'><strong>fortuna</strong></span> <span class='ocrx_word' id='word_1_32' title='bbox 522 1008 637 1078; x_wconf 85' lang='lat' dir='ltr'><strong>voluit.</strong></span> <span class='ocrx_word' id='word_1_33' title='bbox 657 1011 748 1099; x_wconf 90' lang='lat' dir='ltr'><strong>Quid</strong></span> <span class='ocrx_word' id='word_1_34' title='bbox 766 1025 816 1080; x_wconf 89' lang='lat' dir='ltr'><strong>est</strong></span> <span class='ocrx_word' id='word_1_35' title='bbox 835 1035 915 1107; x_wconf 81' lang='lat' dir='ltr'><strong>ergo</strong></span> <span class='ocrx_word' id='word_1_36' title='bbox 933 1013 1022 1107; x_wconf 90' lang='lat' dir='ltr'><strong>quod</strong></span> <span class='ocrx_word' id='word_1_37' title='bbox 1041 1013 1181 1111; x_wconf 89' lang='lat' dir='ltr'><strong>amplius</strong></span> 
     </span>
     <span class='ocr_line' id='line_1_6' title="bbox 114 1110 1182 1212; baseline 0.012 -32"><span class='ocrx_word' id='word_1_38' title='bbox 114 1111 161 1180; x_wconf 91' lang='lat' dir='ltr'><strong>de</strong></span> <span class='ocrx_word' id='word_1_39' title='bbox 174 1110 229 1181; x_wconf 82' lang='lat' dir='ltr'><strong>ea&#39;</strong></span> <span class='ocrx_word' id='word_1_40' title='bbox 245 1137 437 1207; x_wconf 82' lang='lat' dir='ltr'><strong>queramur,</strong></span> <span class='ocrx_word' id='word_1_41' title='bbox 452 1117 478 1185; x_wconf 90' lang='lat' dir='ltr'><strong>si</strong></span> <span class='ocrx_word' id='word_1_42' title='bbox 491 1141 533 1185; x_wconf 88' lang='lat' dir='ltr'><strong>nc</strong></span> <span class='ocrx_word' id='word_1_43' title='bbox 552 1117 759 1187; x_wconf 81' lang='lat' dir='ltr'><strong>consortibus</strong></span> <span class='ocrx_word' id='word_1_44' title='bbox 772 1117 904 1212; x_wconf 89' lang='lat' dir='ltr'><strong>quidem</strong></span> <span class='ocrx_word' id='word_1_45' title='bbox 922 1118 1100 1191; x_wconf 85' lang='lat' dir='ltr'><strong>divinitatis</strong></span> <span class='ocrx_word' id='word_1_46' title='bbox 1115 1145 1182 1192; x_wconf 83' lang='lat' dir='ltr'><strong>suae</strong></span> 
     </span>
     <span class='ocr_line' id='line_1_7' title="bbox 113 1217 1180 1317; baseline 0.012 -32"><span class='ocrx_word' id='word_1_47' title='bbox 113 1217 251 1313; x_wconf 84' lang='lat' dir='ltr'><strong>parcit?</strong></span> <span class='ocrx_word' id='word_1_48' title='bbox 268 1219 326 1290; x_wconf 88' lang='lat' dir='ltr'><strong>sed</strong></span> <span class='ocrx_word' id='word_1_49' title='bbox 344 1220 473 1291; x_wconf 86' lang='lat' dir='ltr'><strong>caelestc</strong></span> <span class='ocrx_word' id='word_1_50' title='bbox 492 1247 615 1291; x_wconf 90' lang='lat' dir='ltr'><strong>numen</strong></span> <span class='ocrx_word' id='word_1_51' title='bbox 634 1249 668 1294; x_wconf 89' lang='lat' dir='ltr'><strong>se</strong></span> <span class='ocrx_word' id='word_1_52' title='bbox 686 1223 728 1292; x_wconf 91' lang='lat' dir='ltr'><strong>ab</strong></span> <span class='ocrx_word' id='word_1_53' title='bbox 745 1225 863 1317; x_wconf 86' lang='lat' dir='ltr'><strong>injuria</strong></span> <span class='ocrx_word' id='word_1_54' title='bbox 881 1225 1071 1295; x_wconf 86' lang='lat' dir='ltr'><strong>vindicavit.</strong></span> <span class='ocrx_word' id='word_1_55' title='bbox 1091 1231 1180 1298; x_wconf 89' lang='lat' dir='ltr'><strong>Con·</strong></span> 
     </span>
     <span class='ocr_line' id='line_1_8' title="bbox 113 1327 946 1424; baseline 0.008 -31"><span class='ocrx_word' id='word_1_56' title='bbox 113 1327 213 1394; x_wconf 87' lang='lat' dir='ltr'><strong>tinuo</strong></span> <span class='ocrx_word' id='word_1_57' title='bbox 231 1327 318 1396; x_wconf 91' lang='lat' dir='ltr'><strong>enim</strong></span> <span class='ocrx_word' id='word_1_58' title='bbox 336 1342 451 1422; x_wconf 89' lang='lat' dir='ltr'><strong>captos</strong></span> <span class='ocrx_word' id='word_1_59' title='bbox 469 1329 640 1424; x_wconf 83' lang='lat' dir='ltr'><strong>praedones</strong></span> <span class='ocrx_word' id='word_1_60' title='bbox 662 1330 814 1400; x_wconf 86' lang='lat' dir='ltr'><strong>crucibus</strong></span> <span class='ocrx_word' id='word_1_61' title='bbox 833 1330 946 1402; x_wconf 85' lang='lat' dir='ltr'><strong>affixit.</strong></span> 
     </span>
    </p>
   </div>
   <div class='ocr_carea' id='block_1_3' title="bbox 136 1537 1161 1604">
    <p class='ocr_par' dir='ltr' id='par_1_3' title="bbox 136 1537 1161 1604">
     <span class='ocr_line' id='line_1_9' title="bbox 136 1537 1161 1604; baseline 0.007 -15"><span class='ocrx_word' id='word_1_62' title='bbox 136 1537 187 1590; x_wconf 77' lang='lat' dir='ltr'><strong>nt:</strong></span> <span class='ocrx_word' id='word_1_63' title='bbox 205 1537 424 1591; x_wconf 78' lang='lat' dir='ltr'>MUTATIONE</span> <span class='ocrx_word' id='word_1_64' title='bbox 444 1537 597 1604; x_wconf 81' lang='lat' dir='ltr'><strong>MORUM,</strong></span> <span class='ocrx_word' id='word_1_65' title='bbox 618 1539 692 1592; x_wconf 79' lang='lat' dir='ltr'><strong>AUT</strong></span> <span class='ocrx_word' id='word_1_66' title='bbox 712 1539 894 1594; x_wconf 78' lang='lat' dir='ltr'>FORTUNAE</span> <span class='ocrx_word' id='word_1_67' title='bbox 913 1541 954 1594; x_wconf 84' lang='lat' dir='ltr'><strong>IN</strong></span> <span class='ocrx_word' id='word_1_68' title='bbox 973 1541 1161 1596; x_wconf 67' lang='lat' dir='ltr'><strong>tantatus,</strong></span> 
     </span>
    </p>
   </div>
   <div class='ocr_carea' id='block_1_4' title="bbox 111 1705 1181 2760">
    <p class='ocr_par' dir='ltr' id='par_1_4' title="bbox 111 1705 1181 2760">
     <span class='ocr_line' id='line_1_10' title="bbox 177 1705 1181 1782; baseline 0.006 -6"><span class='ocrx_word' id='word_1_69' title='bbox 177 1731 208 1776; x_wconf 91' lang='lat'><strong>1.</strong></span> <span class='ocrx_word' id='word_1_70' title='bbox 228 1708 365 1776; x_wconf 84' lang='lat' dir='ltr'><strong>Attento</strong></span> <span class='ocrx_word' id='word_1_71' title='bbox 385 1705 493 1776; x_wconf 91' lang='lat' dir='ltr'><strong>studio</strong></span> <span class='ocrx_word' id='word_1_72' title='bbox 514 1721 628 1776; x_wconf 88' lang='lat' dir='ltr'><strong>nostra</strong></span> <span class='ocrx_word' id='word_1_73' title='bbox 649 1709 1005 1780; x_wconf 84' lang='lat' dir='ltr'><strong>commemoravimus:</strong></span> <span class='ocrx_word' id='word_1_74' title='bbox 1022 1713 1181 1782; x_wconf 75' lang='lat' dir='ltr'><strong>remissio</strong></span> 
     </span>
     <span class='ocr_line' id='line_1_11' title="bbox 112 1811 1180 1887; baseline 0.005 -5"><span class='ocrx_word' id='word_1_75' title='bbox 112 1838 154 1882; x_wconf 90' lang='lat' dir='ltr'><strong>re</strong></span> <span class='ocrx_word' id='word_1_76' title='bbox 170 1837 259 1883; x_wconf 91' lang='lat' dir='ltr'><strong>nunc</strong></span> <span class='ocrx_word' id='word_1_77' title='bbox 276 1814 386 1882; x_wconf 89' lang='lat' dir='ltr'><strong>animo</strong></span> <span class='ocrx_word' id='word_1_78' title='bbox 405 1811 511 1882; x_wconf 90' lang='lat' dir='ltr'><strong>aliena</strong></span> <span class='ocrx_word' id='word_1_79' title='bbox 529 1827 713 1882; x_wconf 83' lang='lat' dir='ltr'><strong>narrentur.</strong></span> <span class='ocrx_word' id='word_1_80' title='bbox 731 1815 871 1884; x_wconf 79' lang='lat' dir='ltr'><strong>Perditae</strong></span> <span class='ocrx_word' id='word_1_81' title='bbox 889 1814 1025 1886; x_wconf 79' lang='lat' dir='ltr'><strong>luxuriae</strong></span> <span class='ocrx_word' id='word_1_82' title='bbox 1042 1817 1180 1887; x_wconf 80' lang='lat' dir='ltr'><strong>Athenis</strong></span> 
     </span>
     <span class='ocr_line' id='line_1_12' title="bbox 111 1903 1180 2014; baseline 0.004 -26"><span class='ocrx_word' id='word_1_83' title='bbox 111 1917 309 1989; x_wconf 83' lang='lat' dir='ltr'><strong>adolescens</strong></span> <span class='ocrx_word' id='word_1_84' title='bbox 332 1917 468 1988; x_wconf 90' lang='lat' dir='ltr'><strong>Polemo</strong></span> <span class='ocrx_word' id='word_1_85' title='bbox 479 1903 503 2007; x_wconf 78' lang='lat'><strong>³,</strong></span> <span class='ocrx_word' id='word_1_86' title='bbox 524 1944 631 2012; x_wconf 89' lang='lat' dir='ltr'><strong>neque</strong></span> <span class='ocrx_word' id='word_1_87' title='bbox 653 1917 813 1989; x_wconf 89' lang='lat' dir='ltr'><strong>illecebris</strong></span> <span class='ocrx_word' id='word_1_88' title='bbox 835 1921 904 2014; x_wconf 90' lang='lat' dir='ltr'><strong>ejus</strong></span> <span class='ocrx_word' id='word_1_89' title='bbox 925 1924 1180 2009; x_wconf 82' lang='lat' dir='ltr'><strong>tantummodo,</strong></span> 
     </span>
     <span class='ocr_line' id='line_1_13' title="bbox 112 2025 1179 2120; baseline 0.004 -26"><span class='ocrx_word' id='word_1_90' title='bbox 112 2025 176 2094; x_wconf 84' lang='lat' dir='ltr'><strong>sed</strong></span> <span class='ocrx_word' id='word_1_91' title='bbox 202 2027 299 2095; x_wconf 89' lang='lat' dir='ltr'><strong>etiam</strong></span> <span class='ocrx_word' id='word_1_92' title='bbox 321 2027 392 2120; x_wconf 82' lang='lat' dir='ltr'><strong>ipsu</strong></span> <span class='ocrx_word' id='word_1_93' title='bbox 419 2025 555 2094; x_wconf 85' lang='lat' dir='ltr'><strong>infamia</strong></span> <span class='ocrx_word' id='word_1_94' title='bbox 578 2025 747 2120; x_wconf 81' lang='lat' dir='ltr'><strong>gaudens,</strong></span> <span class='ocrx_word' id='word_1_95' title='bbox 768 2051 871 2120; x_wconf 89' lang='lat' dir='ltr'><strong>quum</strong></span> <span class='ocrx_word' id='word_1_96' title='bbox 893 2051 912 2096; x_wconf 90' lang='lat' dir='ltr'><strong>e</strong></span> <span class='ocrx_word' id='word_1_97' title='bbox 932 2030 1086 2099; x_wconf 88' lang='lat' dir='ltr'><strong>convivio</strong></span> <span class='ocrx_word' id='word_1_98' title='bbox 1111 2055 1179 2100; x_wconf 88' lang='lat' dir='ltr'><strong>non</strong></span> 
     </span>
     <span class='ocr_line' id='line_1_14' title="bbox 112 2129 1181 2227; baseline 0.005 -26"><span class='ocrx_word' id='word_1_99' title='bbox 112 2147 194 2227; x_wconf 90' lang='lat' dir='ltr'><strong>post</strong></span> <span class='ocrx_word' id='word_1_100' title='bbox 214 2156 369 2202; x_wconf 87' lang='lat' dir='ltr'><strong>occasum</strong></span> <span class='ocrx_word' id='word_1_101' title='bbox 389 2129 485 2220; x_wconf 90' lang='lat' dir='ltr'><strong>solis,</strong></span> <span class='ocrx_word' id='word_1_102' title='bbox 503 2132 560 2202; x_wconf 91' lang='lat' dir='ltr'><strong>sed</strong></span> <span class='ocrx_word' id='word_1_103' title='bbox 579 2146 656 2227; x_wconf 88' lang='lat' dir='ltr'><strong>post</strong></span> <span class='ocrx_word' id='word_1_104' title='bbox 675 2146 785 2202; x_wconf 89' lang='lat' dir='ltr'><strong>ortum</strong></span> <span class='ocrx_word' id='word_1_105' title='bbox 805 2134 1014 2222; x_wconf 82' lang='lat' dir='ltr'><strong>surrexisset,</strong></span> <span class='ocrx_word' id='word_1_106' title='bbox 1032 2133 1181 2206; x_wconf 89' lang='lat' dir='ltr'><strong>domum·</strong></span> 
     </span>
     <span class='ocr_line' id='line_1_15' title="bbox 111 2237 1178 2334; baseline 0.002 -26"><span class='ocrx_word' id='word_1_107' title='bbox 111 2263 182 2332; x_wconf 90' lang='lat' dir='ltr'><strong>que</strong></span> <span class='ocrx_word' id='word_1_108' title='bbox 203 2237 332 2308; x_wconf 86' lang='lat' dir='ltr'><strong>rediens</strong></span> <span class='ocrx_word' id='word_1_109' title='bbox 353 2241 550 2308; x_wconf 82' lang='lat' dir='ltr'><strong>Xenocratis</strong></span> <span class='ocrx_word' id='word_1_110' title='bbox 568 2237 758 2333; x_wconf 90' lang='lat' dir='ltr'><strong>philosophi</strong></span> <span class='ocrx_word' id='word_1_111' title='bbox 780 2253 946 2333; x_wconf 88' lang='lat' dir='ltr'><strong>patentem</strong></span> <span class='ocrx_word' id='word_1_112' title='bbox 967 2241 1102 2334; x_wconf 87' lang='lat' dir='ltr'><strong>januam</strong></span> <span class='ocrx_word' id='word_1_113' title='bbox 1127 2245 1178 2310; x_wconf 85' lang='lat' dir='ltr'><strong>vi-</strong></span> 
     </span>
     <span class='ocr_line' id='line_1_16' title="bbox 111 2343 1179 2442; baseline 0.002 -28"><span class='ocrx_word' id='word_1_114' title='bbox 111 2345 233 2432; x_wconf 88' lang='lat' dir='ltr'><strong>disset,</strong></span> <span class='ocrx_word' id='word_1_115' title='bbox 247 2347 325 2415; x_wconf 89' lang='lat' dir='ltr'><strong>vino</strong></span> <span class='ocrx_word' id='word_1_116' title='bbox 337 2345 464 2440; x_wconf 85' lang='lat' dir='ltr'><strong>gravis,</strong></span> <span class='ocrx_word' id='word_1_117' title='bbox 478 2345 653 2440; x_wconf 83' lang='lat' dir='ltr'><strong>unguentis</strong></span> <span class='ocrx_word' id='word_1_118' title='bbox 667 2343 847 2432; x_wconf 88' lang='lat' dir='ltr'><strong>delibutus,</strong></span> <span class='ocrx_word' id='word_1_119' title='bbox 863 2347 956 2415; x_wconf 88' lang='lat' dir='ltr'><strong>sertis</strong></span> <span class='ocrx_word' id='word_1_120' title='bbox 977 2349 1083 2442; x_wconf 89' lang='lat' dir='ltr'><strong>capite</strong></span> <span class='ocrx_word' id='word_1_121' title='bbox 1098 2347 1179 2418; x_wconf 89' lang='lat' dir='ltr'><strong>redi-</strong></span> 
     </span>
     <span class='ocr_line' id='line_1_17' title="bbox 112 2449 1177 2546; baseline 0.004 -26"><span class='ocrx_word' id='word_1_122' title='bbox 112 2453 219 2538; x_wconf 90' lang='lat' dir='ltr'><strong>mito,</strong></span> <span class='ocrx_word' id='word_1_123' title='bbox 241 2449 404 2546; x_wconf 88' lang='lat' dir='ltr'><strong>pellucida</strong></span> <span class='ocrx_word' id='word_1_124' title='bbox 425 2466 516 2521; x_wconf 82' lang='lat' dir='ltr'><strong>veste</strong></span> <span class='ocrx_word' id='word_1_125' title='bbox 538 2452 695 2539; x_wconf 90' lang='lat' dir='ltr'><strong>amictus,</strong></span> <span class='ocrx_word' id='word_1_126' title='bbox 712 2449 868 2520; x_wconf 85' lang='lat' dir='ltr'><strong>refertam</strong></span> <span class='ocrx_word' id='word_1_127' title='bbox 888 2452 986 2520; x_wconf 84' lang='lat' dir='ltr'><strong>turba</strong></span> <span class='ocrx_word' id='word_1_128' title='bbox 1004 2453 1177 2524; x_wconf 87' lang='lat' dir='ltr'><strong>doctorum</strong></span> 
     </span>
     <span class='ocr_line' id='line_1_18' title="bbox 111 2557 1177 2652; baseline 0.003 -26"><span class='ocrx_word' id='word_1_129' title='bbox 111 2558 291 2628; x_wconf 89' lang='lat' dir='ltr'><strong>hominum</strong></span> <span class='ocrx_word' id='word_1_130' title='bbox 316 2557 463 2628; x_wconf 89' lang='lat' dir='ltr'><strong>scholam</strong></span> <span class='ocrx_word' id='word_1_131' title='bbox 485 2558 555 2652; x_wconf 89' lang='lat' dir='ltr'><strong>ejus</strong></span> <span class='ocrx_word' id='word_1_132' title='bbox 577 2559 728 2646; x_wconf 77' lang='lat' dir='ltr'><strong>intravit3</strong></span> <span class='ocrx_word' id='word_1_133' title='bbox 750 2583 811 2627; x_wconf 90' lang='lat' dir='ltr'><strong>nec</strong></span> <span class='ocrx_word' id='word_1_134' title='bbox 833 2573 1007 2628; x_wconf 87' lang='lat' dir='ltr'><strong>contentus</strong></span> <span class='ocrx_word' id='word_1_135' title='bbox 1029 2575 1097 2628; x_wconf 91' lang='lat' dir='ltr'><strong>tam</strong></span> <span class='ocrx_word' id='word_1_136' title='bbox 1122 2559 1177 2629; x_wconf 92' lang='lat' dir='ltr'><strong>de-</strong></span> 
     </span>
     <span class='ocr_line' id='line_1_19' title="bbox 113 2663 1178 2760; baseline 0.004 -30"><span class='ocrx_word' id='word_1_137' title='bbox 113 2664 216 2734; x_wconf 83' lang='lat' dir='ltr'><strong>sormi</strong></span> <span class='ocrx_word' id='word_1_138' title='bbox 235 2664 388 2748; x_wconf 89' lang='lat' dir='ltr'><strong>introitu,</strong></span> <span class='ocrx_word' id='word_1_139' title='bbox 409 2664 558 2734; x_wconf 86' lang='lat' dir='ltr'><strong>consedit</strong></span> <span class='ocrx_word' id='word_1_140' title='bbox 576 2665 691 2750; x_wconf 89' lang='lat' dir='ltr'><strong>etiam,</strong></span> <span class='ocrx_word' id='word_1_141' title='bbox 705 2678 744 2732; x_wconf 89' lang='lat' dir='ltr'><strong>ut</strong></span> <span class='ocrx_word' id='word_1_142' title='bbox 761 2663 975 2733; x_wconf 91' lang='lat' dir='ltr'><strong>clarissimum</strong></span> <span class='ocrx_word' id='word_1_143' title='bbox 994 2663 1178 2760; x_wconf 90' lang='lat' dir='ltr'><strong>eloquium,</strong></span> 
     </span>
    </p>
   </div>
   <div class='ocr_carea' id='block_1_5' title="bbox 110 2857 1178 4286">
    <p class='ocr_par' dir='ltr' id='par_1_5' title="bbox 110 2857 1178 4286">
     <span class='ocr_line' id='line_1_20' title="bbox 159 2857 1177 2932; baseline 0 -17"><span class='ocrx_word' id='word_1_144' title='bbox 159 2881 186 2915; x_wconf 85' lang='lat' dir='ltr'><strong>r.</strong></span> <span class='ocrx_word' id='word_1_145' title='bbox 207 2861 324 2914; x_wconf 76' lang='lat' dir='ltr'><strong>Redemit.</strong></span> <span class='ocrx_word' id='word_1_146' title='bbox 346 2865 396 2915; x_wconf 79' lang='lat' dir='ltr'><strong>An.</strong></span> <span class='ocrx_word' id='word_1_147' title='bbox 414 2864 449 2916; x_wconf 90' lang='lat' dir='ltr'><strong>U.</strong></span> <span class='ocrx_word' id='word_1_148' title='bbox 467 2867 533 2932; x_wconf 81' lang='lat'><strong>667.</strong></span> <span class='ocrx_word' id='word_1_149' title='bbox 552 2861 625 2914; x_wconf 84' lang='lat' dir='ltr'><strong>Suet.</strong></span> <span class='ocrx_word' id='word_1_150' title='bbox 670 2860 773 2913; x_wconf 80' lang='lat' dir='ltr'><strong>talentis</strong></span> <span class='ocrx_word' id='word_1_151' title='bbox 789 2857 911 2913; x_wconf 84' lang='lat' dir='ltr'><strong>redemit.</strong></span> <span class='ocrx_word' id='word_1_152' title='bbox 932 2860 996 2913; x_wconf 80' lang='lat' dir='ltr'><strong>Mox</strong></span> <span class='ocrx_word' id='word_1_153' title='bbox 1012 2859 1074 2914; x_wconf 84' lang='lat' dir='ltr'><strong>iude</strong></span> <span class='ocrx_word' id='word_1_154' title='bbox 1090 2863 1177 2915; x_wconf 77' lang='lat' dir='ltr'><strong>Asiam</strong></span> 
     </span>
     <span class='ocr_line' id='line_1_21' title="bbox 114 2939 1177 3013; baseline 0 -19"><span class='ocrx_word' id='word_1_155' title='bbox 114 2941 188 2994; x_wconf 86' lang='lat' dir='ltr'><strong>Plut.</strong></span> <span class='ocrx_word' id='word_1_156' title='bbox 198 2943 277 2995; x_wconf 78' lang='lat' dir='ltr'><strong>invit.</strong></span> <span class='ocrx_word' id='word_1_157' title='bbox 288 2961 296 3007; x_wconf 80' lang='lat'>3</span> <span class='ocrx_word' id='word_1_158' title='bbox 306 2942 375 2994; x_wconf 85' lang='lat' dir='ltr'><strong>Vell.</strong></span> <span class='ocrx_word' id='word_1_159' title='bbox 383 2979 392 3002; x_wconf 84' lang='grc'>,</span> <span class='ocrx_word' id='word_1_160' title='bbox 401 2941 499 3007; x_wconf 85' lang='lat' dir='ltr'><strong>lib.11;</strong></span> <span class='ocrx_word' id='word_1_161' title='bbox 510 2959 567 3013; x_wconf 84' lang='lat' dir='ltr'><strong>cap.</strong></span> <span class='ocrx_word' id='word_1_162' title='bbox 578 2946 625 3004; x_wconf 72' lang='lat'><strong>41,</strong></span> <span class='ocrx_word' id='word_1_163' title='bbox 668 2951 760 3011; x_wconf 82' lang='lat' dir='ltr'><strong>petens</strong></span> <span class='ocrx_word' id='word_1_164' title='bbox 775 2957 789 2990; x_wconf 83' lang='lat' dir='ltr'><strong>a</strong></span> <span class='ocrx_word' id='word_1_165' title='bbox 802 2939 895 3010; x_wconf 81' lang='lat' dir='ltr'><strong>piratis</strong></span> <span class='ocrx_word' id='word_1_166' title='bbox 913 2939 1031 3011; x_wconf 78' lang='lat' dir='ltr'><strong>eapitur,</strong></span> <span class='ocrx_word' id='word_1_167' title='bbox 1049 2957 1064 2993; x_wconf 84' lang='grc' dir='ltr'>ι</span> <span class='ocrx_word' id='word_1_168' title='bbox 1081 2941 1177 3012; x_wconf 86' lang='lat' dir='ltr'><strong>quibus</strong></span> 
     </span>
     <span class='ocr_line' id='line_1_22' title="bbox 112 3019 1177 3092; baseline -0.003 -17"><span class='ocrx_word' id='word_1_169' title='bbox 112 3019 140 3082; x_wconf 81' lang='lat' dir='ltr'><strong>S.</strong></span> <span class='ocrx_word' id='word_1_170' title='bbox 159 3023 196 3086; x_wconf 84' lang='lat'><strong>3,</strong></span> <span class='ocrx_word' id='word_1_171' title='bbox 214 3039 273 3092; x_wconf 71' lang='lat' dir='ltr'><strong>pag.</strong></span> <span class='ocrx_word' id='word_1_172' title='bbox 298 3039 349 3092; x_wconf 80' lang='lat'><strong>¹²7</strong></span> <span class='ocrx_word' id='word_1_173' title='bbox 378 3033 474 3075; x_wconf 81' lang='lat' dir='ltr'><strong>nostr-re</strong></span> <span class='ocrx_word' id='word_1_174' title='bbox 495 3019 626 3074; x_wconf 84' lang='lat' dir='ltr'><strong>editionis.</strong></span> <span class='ocrx_word' id='word_1_175' title='bbox 669 3019 780 3091; x_wconf 87' lang='lat' dir='ltr'><strong>pecunia</strong></span> <span class='ocrx_word' id='word_1_176' title='bbox 800 3019 941 3084; x_wconf 79' lang='lat' dir='ltr'><strong>liberatus,</strong></span> <span class='ocrx_word' id='word_1_177' title='bbox 956 3021 1036 3090; x_wconf 80' lang='lat' dir='ltr'><strong>paulo</strong></span> <span class='ocrx_word' id='word_1_178' title='bbox 1054 3033 1115 3091; x_wconf 86' lang='lat' dir='ltr'><strong>post</strong></span> <span class='ocrx_word' id='word_1_179' title='bbox 1135 3021 1177 3073; x_wconf 90' lang='lat' dir='ltr'><strong>in·</strong></span> 
     </span>
     <span class='ocr_line' id='line_1_23' title="bbox 112 3097 1177 3171; baseline 0.002 -19"><span class='ocrx_word' id='word_1_180' title='bbox 112 3133 155 3144; x_wconf 89' lang='lat'>—</span> <span class='ocrx_word' id='word_1_181' title='bbox 178 3102 374 3152; x_wconf 74' lang='lat' dir='ltr'><strong>Pharmacusam.</strong></span> <span class='ocrx_word' id='word_1_182' title='bbox 393 3101 568 3153; x_wconf 81' lang='lat' dir='ltr'><strong>Pharmacum</strong></span> <span class='ocrx_word' id='word_1_183' title='bbox 588 3113 628 3153; x_wconf 85' lang='lat' dir='ltr'><strong>est</strong></span> <span class='ocrx_word' id='word_1_184' title='bbox 668 3097 1089 3152; x_wconf 71' lang='lat' dir='ltr'><strong>anomianavibusehlilesiorum</strong></span> <span class='ocrx_word' id='word_1_185' title='bbox 1097 3113 1177 3171; x_wconf 87' lang='lat' dir='ltr'><strong>portu</strong></span> 
     </span>
     <span class='ocr_line' id='line_1_24' title="bbox 111 3176 1177 3252; baseline -0.002 -18"><span class='ocrx_word' id='word_1_186' title='bbox 111 3182 203 3234; x_wconf 86' lang='lat' dir='ltr'><strong>insula</strong></span> <span class='ocrx_word' id='word_1_187' title='bbox 221 3181 287 3235; x_wconf 70' lang='lat' dir='ltr'><strong>Asin</strong></span> <span class='ocrx_word' id='word_1_188' title='bbox 304 3199 383 3252; x_wconf 88' lang='lat' dir='ltr'><strong>supra</strong></span> <span class='ocrx_word' id='word_1_189' title='bbox 401 3180 534 3244; x_wconf 84' lang='lat' dir='ltr'><strong>Miletum,</strong></span> <span class='ocrx_word' id='word_1_190' title='bbox 555 3195 627 3232; x_wconf 84' lang='lat' dir='ltr'><strong>nuuc</strong></span> <span class='ocrx_word' id='word_1_191' title='bbox 669 3176 806 3250; x_wconf 69' lang='lat' dir='ltr'><strong>predones</strong></span> <span class='ocrx_word' id='word_1_192' title='bbox 824 3176 989 3248; x_wconf 72' lang='lat' dir='ltr'><strong>aggreditur,</strong></span> <span class='ocrx_word' id='word_1_193' title='bbox 1002 3197 1069 3249; x_wconf 84' lang='lat' dir='ltr'><strong>quos</strong></span> <span class='ocrx_word' id='word_1_194' title='bbox 1088 3191 1177 3251; x_wconf 75' lang='lat' dir='ltr'><strong>captos</strong></span> 
     </span>
     <span class='ocr_line' id='line_1_25' title="bbox 112 3257 1000 3323; baseline -0.005 -9"><span class='ocrx_word' id='word_1_195' title='bbox 112 3262 244 3314; x_wconf 69' lang='lat' dir='ltr'><strong>Fermento.</strong></span> <span class='ocrx_word' id='word_1_196' title='bbox 276 3259 368 3323; x_wconf 86' lang='lat' dir='ltr'><strong>Sulla,</strong></span> <span class='ocrx_word' id='word_1_197' title='bbox 397 3257 507 3312; x_wconf 81' lang='lat' dir='ltr'><strong>devictis</strong></span> <span class='ocrx_word' id='word_1_198' title='bbox 533 3259 628 3311; x_wconf 85' lang='lat' dir='ltr'><strong>Maria·</strong></span> <span class='ocrx_word' id='word_1_199' title='bbox 669 3257 791 3311; x_wconf 76' lang='lat' dir='ltr'><strong>muribus</strong></span> <span class='ocrx_word' id='word_1_200' title='bbox 802 3275 893 3310; x_wconf 85' lang='lat' dir='ltr'><strong>ornnes</strong></span> <span class='ocrx_word' id='word_1_201' title='bbox 908 3257 1000 3310; x_wconf 83' lang='lat' dir='ltr'><strong>affixit.</strong></span> 
     </span>
     <span class='ocr_line' id='line_1_26' title="bbox 111 3335 1178 3412; baseline -0.002 -20"><span class='ocrx_word' id='word_1_202' title='bbox 111 3342 157 3394; x_wconf 82' lang='lat' dir='ltr'><strong>uis</strong></span> <span class='ocrx_word' id='word_1_203' title='bbox 171 3339 307 3412; x_wconf 79' lang='lat' dir='ltr'><strong>partibus,</strong></span> <span class='ocrx_word' id='word_1_204' title='bbox 321 3339 430 3405; x_wconf 80' lang='lat' dir='ltr'><strong>Cremri,</strong></span> <span class='ocrx_word' id='word_1_205' title='bbox 439 3337 511 3410; x_wconf 87' lang='lat' dir='ltr'><strong>quod</strong></span> <span class='ocrx_word' id='word_1_206' title='bbox 522 3339 628 3410; x_wconf 81' lang='lat' dir='ltr'><strong>perlu-</strong></span> <span class='ocrx_word' id='word_1_207' title='bbox 712 3355 736 3388; x_wconf 78' lang='lat' dir='ltr'><strong>a.</strong></span> <span class='ocrx_word' id='word_1_208' title='bbox 750 3339 800 3388; x_wconf 82' lang='lat' dir='ltr'><strong>Ea.</strong></span> <span class='ocrx_word' id='word_1_209' title='bbox 815 3336 859 3390; x_wconf 89' lang='lat' dir='ltr'><strong>Sic</strong></span> <span class='ocrx_word' id='word_1_210' title='bbox 867 3339 962 3390; x_wconf 81' lang='lat' dir='ltr'><strong>vetusti</strong></span> <span class='ocrx_word' id='word_1_211' title='bbox 976 3335 1056 3390; x_wconf 88' lang='lat' dir='ltr'><strong>codd.</strong></span> <span class='ocrx_word' id='word_1_212' title='bbox 1068 3337 1178 3409; x_wconf 82' lang='lat' dir='ltr'><strong>Aliquot</strong></span> 
     </span>
     <span class='ocr_line' id='line_1_27' title="bbox 111 3416 1178 3488; baseline -0.004 -16"><span class='ocrx_word' id='word_1_213' title='bbox 111 3421 245 3488; x_wconf 74' lang='lat' dir='ltr'><strong>liameius</strong></span> <span class='ocrx_word' id='word_1_214' title='bbox 257 3419 364 3472; x_wconf 84' lang='lat' dir='ltr'><strong>amitam</strong></span> <span class='ocrx_word' id='word_1_215' title='bbox 375 3419 461 3471; x_wconf 82' lang='lat' dir='ltr'><strong>Mario</strong></span> <span class='ocrx_word' id='word_1_216' title='bbox 471 3436 628 3471; x_wconf 80' lang='lat' dir='ltr'><strong>summane-</strong></span> <span class='ocrx_word' id='word_1_217' title='bbox 669 3435 697 3468; x_wconf 84' lang='lat' dir='ltr'><strong>ea</strong></span> <span class='ocrx_word' id='word_1_218' title='bbox 712 3437 745 3468; x_wconf 84' lang='lat' dir='ltr'><strong>re.</strong></span> <span class='ocrx_word' id='word_1_219' title='bbox 755 3416 871 3469; x_wconf 83' lang='lat' dir='ltr'><strong>Frustra.</strong></span> <span class='ocrx_word' id='word_1_220' title='bbox 882 3417 950 3470; x_wconf 80' lang='lat' dir='ltr'><strong>Nam</strong></span> <span class='ocrx_word' id='word_1_221' title='bbox 957 3417 1079 3470; x_wconf 78' lang='lat' dir='ltr'><strong>Valerius</strong></span> <span class='ocrx_word' id='word_1_222' title='bbox 1090 3418 1178 3488; x_wconf 81' lang='lat' dir='ltr'><strong>loqui-</strong></span> 
     </span>
     <span class='ocr_line' id='line_1_28' title="bbox 112 3495 888 3569; baseline -0.008 -16"><span class='ocrx_word' id='word_1_223' title='bbox 112 3497 626 3569; x_wconf 63' lang='lat' dir='ltr'><strong>cessitud&#39;tnecratconjunctumortem</strong></span> <span class='ocrx_word' id='word_1_224' title='bbox 669 3509 713 3548; x_wconf 85' lang='lat' dir='ltr'><strong>tur</strong></span> <span class='ocrx_word' id='word_1_225' title='bbox 726 3495 761 3548; x_wconf 83' lang='lat' dir='ltr'><strong>de</strong></span> <span class='ocrx_word' id='word_1_226' title='bbox 771 3497 888 3548; x_wconf 83' lang='lat' dir='ltr'><strong>fortuna.</strong></span> 
     </span>
     <span class='ocr_line' id='line_1_29' title="bbox 112 3574 1176 3646; baseline -0.003 -15"><span class='ocrx_word' id='word_1_227' title='bbox 112 3579 325 3632; x_wconf 78' lang='lat' dir='ltr'><strong>rnacbinabatur.</strong></span> <span class='ocrx_word' id='word_1_228' title='bbox 350 3579 523 3630; x_wconf 71' lang='lat' dir='ltr'><strong>prohibentes</strong></span> <span class='ocrx_word' id='word_1_229' title='bbox 547 3595 626 3642; x_wconf 86' lang='lat' dir='ltr'><strong>enm,</strong></span> <span class='ocrx_word' id='word_1_230' title='bbox 710 3575 736 3628; x_wconf 80' lang='grc'><strong>3.</strong></span> <span class='ocrx_word' id='word_1_231' title='bbox 753 3576 860 3630; x_wconf 77' lang='lat' dir='ltr'><strong>Polemo.</strong></span> <span class='ocrx_word' id='word_1_232' title='bbox 876 3574 940 3628; x_wconf 87' lang='lat' dir='ltr'><strong>Vid.</strong></span> <span class='ocrx_word' id='word_1_233' title='bbox 954 3575 1030 3646; x_wconf 76' lang='lat' dir='ltr'><strong>Diog.</strong></span> <span class='ocrx_word' id='word_1_234' title='bbox 1044 3577 1131 3628; x_wconf 82' lang='lat' dir='ltr'><strong>Laert.</strong></span> <span class='ocrx_word' id='word_1_235' title='bbox 1149 3577 1176 3628; x_wconf 93' lang='lat' dir='ltr'><strong>in</strong></span> 
     </span>
     <span class='ocr_line' id='line_1_30' title="bbox 112 3651 1175 3731; baseline -0.004 -21"><span class='ocrx_word' id='word_1_236' title='bbox 112 3651 162 3731; x_wconf 88' lang='lat' dir='ltr'><strong>qui</strong></span> <span class='ocrx_word' id='word_1_237' title='bbox 176 3657 312 3722; x_wconf 84' lang='lat' dir='ltr'><strong>dicebant,</strong></span> <span class='ocrx_word' id='word_1_238' title='bbox 327 3659 448 3729; x_wconf 88' lang='lat' dir='ltr'><strong>iniquum</strong></span> <span class='ocrx_word' id='word_1_239' title='bbox 462 3675 532 3721; x_wconf 85' lang='lat' dir='ltr'><strong>esse,</strong></span> <span class='ocrx_word' id='word_1_240' title='bbox 548 3667 626 3709; x_wconf 79' lang='lat' dir='ltr'><strong>tantae</strong></span> <span class='ocrx_word' id='word_1_241' title='bbox 668 3656 731 3721; x_wconf 87' lang='lat' dir='ltr'><strong>vit.;</strong></span> <span class='ocrx_word' id='word_1_242' title='bbox 745 3655 837 3709; x_wconf 86' lang='lat' dir='ltr'><strong>Horat.</strong></span> <span class='ocrx_word' id='word_1_243' title='bbox 847 3667 894 3708; x_wconf 72' lang='lat' dir='ltr'><strong>aet.</strong></span> <span class='ocrx_word' id='word_1_244' title='bbox 906 3655 948 3720; x_wconf 88' lang='lat'><strong>11,</strong></span> <span class='ocrx_word' id='word_1_245' title='bbox 961 3655 992 3720; x_wconf 69' lang='lat'><strong>33</strong></span> <span class='ocrx_word' id='word_1_246' title='bbox 1006 3653 1115 3720; x_wconf 78' lang='lat' dir='ltr'><strong>Suidas,</strong></span> <span class='ocrx_word' id='word_1_247' title='bbox 1126 3657 1175 3707; x_wconf 89' lang='lat' dir='ltr'><strong>tv.</strong></span> 
     </span>
     <span class='ocr_line' id='line_1_31' title="bbox 113 3734 1177 3808; baseline -0.004 -18"><span class='ocrx_word' id='word_1_248' title='bbox 113 3737 215 3791; x_wconf 86' lang='lat' dir='ltr'><strong>indolis</strong></span> <span class='ocrx_word' id='word_1_249' title='bbox 224 3755 337 3808; x_wconf 83' lang='lat' dir='ltr'><strong>puerum</strong></span> <span class='ocrx_word' id='word_1_250' title='bbox 346 3739 514 3790; x_wconf 86' lang='lat' dir='ltr'><strong>innocentem</strong></span> <span class='ocrx_word' id='word_1_251' title='bbox 522 3735 626 3789; x_wconf 86' lang='lat' dir='ltr'><strong>oecide-</strong></span> <span class='ocrx_word' id='word_1_252' title='bbox 668 3767 707 3778; x_wconf 92' lang='lat'><strong>·-</strong></span> <span class='ocrx_word' id='word_1_253' title='bbox 723 3735 795 3803; x_wconf 83' lang='lat' dir='ltr'><strong>Ejus.</strong></span> <span class='ocrx_word' id='word_1_254' title='bbox 811 3734 886 3787; x_wconf 81' lang='lat' dir='ltr'><strong>Hanc</strong></span> <span class='ocrx_word' id='word_1_255' title='bbox 901 3753 993 3788; x_wconf 86' lang='lat' dir='ltr'><strong>vocem</strong></span> <span class='ocrx_word' id='word_1_256' title='bbox 1008 3737 1118 3805; x_wconf 85' lang='lat' dir='ltr'><strong>ejecerat</strong></span> <span class='ocrx_word' id='word_1_257' title='bbox 1135 3736 1177 3786; x_wconf 88' lang='lat' dir='ltr'><strong>Pi-</strong></span> 
     </span>
     <span class='ocr_line' id='line_1_32' title="bbox 113 3813 1176 3889; baseline -0.004 -19"><span class='ocrx_word' id='word_1_258' title='bbox 113 3838 144 3870; x_wconf 89' lang='lat' dir='ltr'><strong>re</strong></span> <span class='ocrx_word' id='word_1_259' title='bbox 153 3857 163 3882; x_wconf 98' lang='lat'><strong>,</strong></span> <span class='ocrx_word' id='word_1_260' title='bbox 173 3815 308 3871; x_wconf 88' lang='lat' dir='ltr'><strong>dementes</strong></span> <span class='ocrx_word' id='word_1_261' title='bbox 320 3818 481 3889; x_wconf 77' lang='lat' dir='ltr'><strong>appellabat.</strong></span> <span class='ocrx_word' id='word_1_262' title='bbox 490 3813 562 3886; x_wconf 86' lang='lat' dir='ltr'><strong>quod</strong></span> <span class='ocrx_word' id='word_1_263' title='bbox 570 3833 625 3868; x_wconf 88' lang='lat' dir='ltr'><strong>non</strong></span> <span class='ocrx_word' id='word_1_264' title='bbox 667 3815 752 3885; x_wconf 78' lang='lat' dir='ltr'><strong>gbius.</strong></span> <span class='ocrx_word' id='word_1_265' title='bbox 763 3813 815 3867; x_wconf 83' lang='lat' dir='ltr'><strong>Sed</strong></span> <span class='ocrx_word' id='word_1_266' title='bbox 825 3813 930 3885; x_wconf 83' lang='lat' dir='ltr'><strong>Lipsius</strong></span> <span class='ocrx_word' id='word_1_267' title='bbox 943 3814 971 3866; x_wconf 88' lang='lat' dir='ltr'><strong>in</strong></span> <span class='ocrx_word' id='word_1_268' title='bbox 985 3826 1125 3867; x_wconf 83' lang='lat' dir='ltr'><strong>comment.</strong></span> <span class='ocrx_word' id='word_1_269' title='bbox 1142 3813 1176 3867; x_wconf 86' lang='lat' dir='ltr'><strong>ad</strong></span> 
     </span>
     <span class='ocr_line' id='line_1_33' title="bbox 113 3892 1176 3967; baseline -0.004 -17"><span class='ocrx_word' id='word_1_270' title='bbox 113 3895 365 3967; x_wconf 78' lang='lat' dir='ltr'><strong>viderent,puerum</strong></span> <span class='ocrx_word' id='word_1_271' title='bbox 371 3895 627 3948; x_wconf 81' lang='lat' dir='ltr'><strong>milleMarioshabe·</strong></span> <span class='ocrx_word' id='word_1_272' title='bbox 667 3894 714 3946; x_wconf 94' lang='lat' dir='ltr'><strong>lib.</strong></span> <span class='ocrx_word' id='word_1_273' title='bbox 731 3895 778 3945; x_wconf 85' lang='lat' dir='ltr'><strong>XI.</strong></span> <span class='ocrx_word' id='word_1_274' title='bbox 794 3895 863 3946; x_wconf 83' lang='lat' dir='ltr'><strong>Anu.</strong></span> <span class='ocrx_word' id='word_1_275' title='bbox 874 3893 959 3946; x_wconf 77' lang='lat' dir='ltr'><strong>Taciti</strong></span> <span class='ocrx_word' id='word_1_276' title='bbox 973 3892 1050 3946; x_wconf 85' lang='lat' dir='ltr'><strong>docet</strong></span> <span class='ocrx_word' id='word_1_277' title='bbox 1063 3911 1119 3946; x_wconf 76' lang='lat' dir='ltr'><strong>earn</strong></span> <span class='ocrx_word' id='word_1_278' title='bbox 1130 3896 1176 3946; x_wconf 77' lang='lat' dir='ltr'><strong>ab·</strong></span> 
     </span>
     <span class='ocr_line' id='line_1_34' title="bbox 113 3971 1176 4048; baseline -0.004 -18"><span class='ocrx_word' id='word_1_279' title='bbox 113 3973 378 4048; x_wconf 70' lang='lat' dir='ltr'><strong>reincorporellaec</strong></span> <span class='ocrx_word' id='word_1_280' title='bbox 387 3993 468 4047; x_wconf 85' lang='lat' dir='ltr'><strong>quum</strong></span> <span class='ocrx_word' id='word_1_281' title='bbox 476 3974 509 4027; x_wconf 85' lang='lat' dir='ltr'><strong>ad</strong></span> <span class='ocrx_word' id='word_1_282' title='bbox 516 3976 580 4028; x_wconf 70' lang='lat' dir='ltr'><strong>Cas.</strong></span> <span class='ocrx_word' id='word_1_283' title='bbox 589 3993 627 4027; x_wconf 85' lang='lat' dir='ltr'><strong>es·</strong></span> <span class='ocrx_word' id='word_1_284' title='bbox 668 3993 723 4026; x_wconf 86' lang='lat' dir='ltr'><strong>esse</strong></span> <span class='ocrx_word' id='word_1_285' title='bbox 734 3992 789 4025; x_wconf 91' lang='lat' dir='ltr'><strong>non</strong></span> <span class='ocrx_word' id='word_1_286' title='bbox 803 3992 891 4044; x_wconf 86' lang='lat' dir='ltr'><strong>posse,</strong></span> <span class='ocrx_word' id='word_1_287' title='bbox 906 3987 932 4026; x_wconf 87' lang='lat' dir='ltr'><strong>et</strong></span> <span class='ocrx_word' id='word_1_288' title='bbox 944 3973 1066 4025; x_wconf 84' lang='lat' dir='ltr'><strong>Vorstius</strong></span> <span class='ocrx_word' id='word_1_289' title='bbox 1081 3971 1114 4025; x_wconf 79' lang='lat' dir='ltr'><strong>ed</strong></span> <span class='ocrx_word' id='word_1_290' title='bbox 1127 3991 1176 4026; x_wconf 79' lang='lat' dir='ltr'><strong>vo·</strong></span> 
     </span>
     <span class='ocr_line' id='line_1_35' title="bbox 115 4051 1176 4126; baseline -0.004 -17"><span class='ocrx_word' id='word_1_291' title='bbox 115 4057 370 4126; x_wconf 80' lang='lat' dir='ltr'><strong>sentperlata,urbe</strong></span> <span class='ocrx_word' id='word_1_292' title='bbox 380 4057 587 4126; x_wconf 63' lang='lat' dir='ltr'><strong>clamememus,</strong></span> <span class='ocrx_word' id='word_1_293' title='bbox 597 4057 624 4107; x_wconf 86' lang='lat' dir='ltr'><strong>in</strong></span> <span class='ocrx_word' id='word_1_294' title='bbox 668 4071 740 4116; x_wconf 81' lang='lat' dir='ltr'><strong>cem,</strong></span> <span class='ocrx_word' id='word_1_295' title='bbox 757 4071 815 4124; x_wconf 79' lang='lat' dir='ltr'><strong>quae</strong></span> <span class='ocrx_word' id='word_1_296' title='bbox 826 4051 964 4123; x_wconf 67' lang='lat' dir='ltr'><strong>precedit,</strong></span> <span class='ocrx_word' id='word_1_297' title='bbox 977 4053 1093 4112; x_wconf 71' lang='lat' dir='ltr'><strong>luxurie,</strong></span> <span class='ocrx_word' id='word_1_298' title='bbox 1108 4053 1176 4105; x_wconf 85' lang='lat' dir='ltr'><strong>rele-</strong></span> 
     </span>
     <span class='ocr_line' id='line_1_36' title="bbox 110 4131 1175 4206; baseline -0.003 -18"><span class='ocrx_word' id='word_1_299' title='bbox 110 4134 508 4206; x_wconf 66' lang='lat' dir='ltr'><strong>Sabinisaliquamdiudelituiu</strong></span> <span class='ocrx_word' id='word_1_300' title='bbox 515 4148 624 4206; x_wconf 66' lang='lat' dir='ltr'><strong>posteat</strong></span> <span class='ocrx_word' id='word_1_301' title='bbox 667 4131 777 4186; x_wconf 80' lang='lat' dir='ltr'><strong>rendrun</strong></span> <span class='ocrx_word' id='word_1_302' title='bbox 788 4151 844 4185; x_wconf 86' lang='lat' dir='ltr'><strong>esse</strong></span> <span class='ocrx_word' id='word_1_303' title='bbox 852 4131 961 4202; x_wconf 84' lang='lat' dir='ltr'><strong>judicat.</strong></span> <span class='ocrx_word' id='word_1_304' title='bbox 974 4133 1175 4185; x_wconf 62' lang='lat' dir='ltr'><strong>-Xenecratm</strong></span> 
     </span>
     <span class='ocr_line' id='line_1_37' title="bbox 112 4213 1174 4286; baseline -0.002 -20"><span class='ocrx_word' id='word_1_305' title='bbox 112 4215 228 4268; x_wconf 74' lang='lat' dir='ltr'><strong>Sullanis</strong></span> <span class='ocrx_word' id='word_1_306' title='bbox 249 4213 447 4286; x_wconf 78' lang='lat' dir='ltr'><strong>deprehensns,</strong></span> <span class='ocrx_word' id='word_1_307' title='bbox 468 4213 572 4267; x_wconf 83' lang='lat' dir='ltr'><strong>duobus</strong></span> <span class='ocrx_word' id='word_1_308' title='bbox 597 4231 624 4266; x_wconf 85' lang='lat' dir='ltr'><strong>se</strong></span> <span class='ocrx_word' id='word_1_309' title='bbox 668 4213 865 4265; x_wconf 73' lang='lat' dir='ltr'><strong>Dexenocrate</strong></span> <span class='ocrx_word' id='word_1_310' title='bbox 880 4213 1027 4283; x_wconf 80' lang='lat' dir='ltr'><strong>supru,lV‚</strong></span> <span class='ocrx_word' id='word_1_311' title='bbox 1040 4213 1133 4278; x_wconf 80' lang='lat' dir='ltr'><strong>3,ext.</strong></span> <span class='ocrx_word' id='word_1_312' title='bbox 1148 4214 1174 4266; x_wconf 77' lang='lat'><strong>3.</strong></span> 
     </span>
    </p>
   </div>
   <div class='ocr_carea' id='block_1_6' title="bbox 0 0 1588 5124">
    <p class='ocr_par' dir='ltr' id='par_1_6' title="bbox 0 0 1588 5124">
     <span class='ocr_line' id='line_1_38' title="bbox 0 0 1588 5124; baseline 0 0"><span class='ocrx_word' id='word_1_313' title='bbox 0 0 1588 5124; x_wconf 95' lang='lat' dir='ltr'><strong> </strong></span> 
     </span>
    </p>
   </div>
  </div>
 </body>
</html>
