3196 5122
364 485 470 554 CAP.
498 485 532 564 1,
566 485 634 551 DE
668 485 1083 556 MODERATIONE.
1182 492 1256 566 ίι63

192 632 321 714 gestum
334 613 628 699 animadverteret,
644 613 799 702 comitiis,
815 615 934 708 quibus
946 614 1031 686 filius
1045 617 1116 712 ejus
1128 643 1258 695 summo

192 748 353 794 consensu
375 718 490 792 consul
512 722 704 805 creabatur,
724 743 823 816 quam
843 723 952 816 potuit
972 739 1164 796 constanter
1182 755 1259 800 curn

190 829 316 927 populo
332 829 417 922 egit,
435 844 474 896 nt
489 833 707 898 warattonem
726 828 916 924 aliquando
929 829 1029 922 brusias
1041 832 1180 903 lionoris
1191 839 1259 906 Fa-

190 937 258 1006 btae
268 941 368 1032 genti
375 935 520 1005 dasena:
538 960 605 1004 non
618 933 708 1030 quod
722 933 779 1004 lilii
793 935 970 1006 virtutibus
986 936 1153 1010 diffideret
1166 937 1257 1028 (erat

189 1045 276 1113 enim
295 1033 466 1132 illustris),
481 1041 538 1110 sed
556 1066 598 1110 ne
613 1041 792 1112 maximum
811 1043 986 1138 imperium
1001 1045 1034 1112 in
1049 1069 1116 1116 una
1135 1047 1257 1120 familia

190 1152 448 1220 continuaretur.
474 1147 564 1238 Quid
585 1149 649 1218 hac
667 1148 893 1219 moderatione
914 1148 1093 1234 valentius,
1114 1169 1172 1223 aut
1190 1156 1257 1226 effi·

190 1260 319 1346 cacius,
342 1281 415 1352 quae
439 1259 537 1325 etiam
562 1256 687 1352 patrios
704 1255 864 1344 allectus,
887 1258 944 1351 qui
962 1261 1178 1352 potentissimi
1196 1263 1253 1332 ha·

189 1364 325 1450 bentur,
344 1359 531 1458 superavit?

243 1470 278 1542 6.
300 1473 378 1540 Νοιι
400 1469 505 1539 deluit
523 1466 703 1559 majoribus
721 1480 815 1561 grata
833 1491 926 1536 mens
944 1469 987 1538 ad
1006 1469 1141 1565 premia
1157 1497 1253 1568 supe·

189 1579 268 1645 riori
283 1577 440 1646 Africano
459 1571 698 1642 exsolvenda¹r
714 1573 874 1693 siquidem
892 1577 1033 1644 maxima
1049 1579 1120 1670 ejus
1139 1581 1255 1649 merita

187 1683 323 1777 paribus
348 1680 551 1750 ornamentis
579 1678 736 1749 decorare
764 1681 874 1750 conati
899 1696 984 1750 sunt.
996 1677 1185 1752 Voluerunt
1209 1685 1253 1756 illi
1305 1771 1309 1780 ¹

187 1785 332 1858 statuas²
354 1790 388 1857 in
410 1786 561 1874 comitio,
583 1785 615 1854 in
633 1787 764 1875 rostris,
786 1789 820 1855 in
842 1789 950 1875 curia,
968 1789 1003 1858 in
1022 1790 1092 1885 ipsa
1112 1789 1253 1897 denique

186 1897 280 1964 Jovis
303 1908 370 1988 opt
396 1917 482 1962 max.
506 1891 587 1962 cella
610 1917 760 1988 ponere.
785 1843 990 1963 voluerurit
981 1896 1157 1992 imaginem
1182 1899 1252 1991 ejus

187 1999 381 2130 triumphali
398 2013 518 2068 ornatu
538 1997 687 2068 indutam
704 1999 889 2094 capitolinis
907 1999 1133 2120 pulvinaribus
1154 2003 1255 2100 appli-

188 2091 299 2174 care':
320 2105 539 2175 voluerunt
511 2130 540 2174 es
554 2106 749 2174 continuum
765 2131 826 2200 per
841 2132 956 2177 omnes
970 2108 1045 2178 vitae
1060 2131 1164 2180 annos
1178 2135 1254 2180 con·

187 2211 331 2282 sulatum
338 2213 619 2308 ,perpetuamque
630 2211 828 2282 dictaturam
841 2213 994 2282 tribuere.
1006 2215 1160 2302 Quonam
1173 2215 1253 2286 nihil

186 2305 268 2388 sibil
281 2345 389 2414 neque
403 2317 575 2414 plebiscito
593 2318 664 2388 dari
672 2343 806 2413 ‚neque
822 2319 1106 2390 senatusconsulto
1120 2319 1253 2392 decerni

185 2516 272 2583 gisem,
291 2529 321 2564 ex
336 2529 389 2582 quo
399 2522 523 2564 natusest
539 2509 630 2562 Fabius
640 2509 696 2562 Ma·
738 2509 841 2563 meritis
853 2513 909 2581 jam
925 2508 996 2582 apud
1008 2511 1115 2565 Grecos
1128 2513 1192 2586 erigi
1208 2533 1250 2566 so-
1301 2502 1308 2514 ’

186 2596 272 2644 simus.
286 2623 327 2634 -
343 2591 415 2659 Ejru.
431 2587 502 2642 Edd.
517 2601 580 2642 vett.
596 2589 695 2642 habent
737 2589 835 2652 lebant.
853 2589 916 2644 Vid.
940 2591 1048 2662 Nepos,
1068 2593 1097 2658 1,
1119 2595 1145 2646 6.
1165 2594 1250 2646 -In

186 2691 257 2731 suus,
273 2669 319 2724 sed
339 2682 431 2722 ooutn
451 2666 530 2721 codd.
547 2668 621 2720 MSS.
625 2669 695 2739 ,qui
737 2673 850 2730 comisto,
876 2671 1059 2723 inrostrr's.1n
1074 2675 1184 2734 comitio,
1202 2674 1251 2726 ubi

185 2765 248 2804 satis
256 2751 463 2820 constanterque
472 2760 584 2800 servam.
592 2749 695 2798 -Va·
738 2748 931 2802 conveniebant
939 2747 1250 2821 admagsstratusebgen

186 2909 232 2963 sed
255 2871 353 2964 dicitur
377 2925 484 3000 quoque
505 2905 540 2960 de
569 2906 627 2968 bis,
649 2865 695 2977 qui
738 2845 845 2958 fiebaint.
862 2935 902 2948 -
891 2848 1037 2958 δδοιὼ...
1060 2909 1187 2962 ..cella
1203 2909 1249 2962 Sa·

186 2989 288 3062 nssgnis
299 2989 469 3059 onerosisque
478 2986 625 3040 bonoribus
634 2985 696 3038 lun·
739 2984 845 3038 calloio
856 2984 999 3056 Capitolio.
1007 2945 1051 3036 De·
1054 2985 1184 3056 Scipionis
1193 3007 1249 3042 ma·

186 3084 293 3140 guntur.
313 3068 434 3121 Maximis
449 3066 585 3120 laboribus
601 3065 697 3136 ssspius
738 3061 874 3116 trelabula
883 3063 1051 3134 percrebuit
1058 3064 1206 3118 slbvssum
1198 3086 1248 3120 sm

186 3146 522 3242 implicitierantconsules,
527 3143 697 3216 quibenead-
738 3161 835 3196 mensae
849 3141 1039 3215 magnitudinis
1061 3163 1173 3215 anguem
1187 3165 1249 3200 cnm

186 3230 337 3282 ministrare
345 3227 533 3297 rempublicam
544 3225 695 3296 cupiebant,
738 3241 769 3276 es
784 3223 973 3290 concumbere,
984 3243 1017 3278 ex
1029 3242 1083 3295 quo
1096 3228 1248 3298 conceperit

187 3307 300 3360 Hincub
310 3306 362 3358 boc
371 3323 592 3370 munereauem,
604 3317 696 3376 optare
737 3301 898 3375 Scipionem.
915 3304 970 3358 Neo
983 3302 1092 3358 difficile
1105 3319 1178 3370 erat,
1194 3307 1248 3360 ani·

187 3397 311 3457 poterant
330 3397 463 3456 tamquam
475 3383 642 3437 beneficium.
661 3387 696 3437 At
737 3401 783 3436 mo
794 3383 925 3438 similibus
933 3384 1033 3438 labellis
1047 3385 1165 3456 repleto,
1178 3388 1247 3456 ejus·

187 3483 271 3536 ᾳιιιιιιι
285 3466 366 3518 fastus
374 3477 400 3517 et
410 3459 581 3530 imperitandi
596 3462 695 3534 cupido
738 3461 811 3516 modi
826 3463 948 3536 prodigia
966 3467 1092 3517 somniare.
1112 3463 1164 3517 Sed
1180 3465 1248 3518 banc

186 3543 697 3610 meatesinraderent‚nullumleeemo·
738 3542 835 3596 lamam
854 3542 951 3598 deinde
980 3543 1069 3615 Scipio
1091 3545 1147 3614 ipse
1167 3546 1247 3600 rebus

185 3624 252 3678 dum
262 3637 367 3696 turpem
381 3625 509 3688 habuere,
518 3641 572 3694 quo
582 3621 617 3675 ad
627 3623 695 3678 banc
737 3623 935 3693 praeclarissime
941 3624 1019 3694 gestis
1029 3623 1109 3676 auxit.
1120 3624 1154 3676 Et
1163 3643 1245 3697 quum

185 3703 343 3776 dignitatem
357 3703 536 3776 pervenirent.
737 3703 795 3756 viro
817 3701 902 3756 indies
924 3705 1008 3774 major
1028 3719 1184 3758 accresceret
1200 3723 1246 3758 aa·

229 3805 254 3839 1.
275 3786 421 3838 Proemiu....
432 3783 580 3836 exsolvenda.
595 3784 645 3836 Αιι.
658 3783 694 3836 U.
737 3782 844 3836 ctoritas
865 3783 1001 3854 plebisque
1024 3783 1201 3854 obsequium,
1218 3803 1246 3838 se

187 3865 254 3920 552.
265 3865 370 3929 Livius,
383 3863 546 3921 xxxvln.
559 3863 604 3917 56.
621 3863 694 3916 lnira
737 3857 836 3932 διογινὶ
850 3859 941 3914 baberi
955 3879 1046 3933 passm
1058 3875 1116 3928 est,
1129 3864 1189 3918 licet
1200 3883 1245 3917 ex·

185 3946 271 4009 vm,
284 3946 328 3998 15.
344 3947 419 3998 Inter
432 3943 539 4015 promia
552 3943 602 3996 tuis
615 3943 694 3996 etiam
738 3953 840 3994 ternam
854 3960 978 4013 pompam
994 3954 1135 3995 recusaret.

184 4025 284 4079 florum
303 4025 403 4091 bonos,
425 4037 456 4078 ut
469 4023 532 4076 huic
551 4022 599 4076 uni
616 4021 694 4075 flores
778 4021 804 4073 3.
821 4022 988 4076 Voluerunt...
992 4022 1136 4092 applicare.
1147 4023 1245 4076 Divino

184 4118 381 4179 spargerentur.
396 4102 461 4158 Vid.
481 4103 550 4156 Ptin.
565 4102 646 4168 XXI,
666 4103 692 4157 3.
737 4118 798 4154 eum
810 4101 913 4154 bonore
929 4101 1059 4156 affecturi.

227 4186 382 4241 a.S.taruas
400 4183 496 4238 Statue
513 4183 577 4240 viris
590 4182 693 4253 egregie
779 4187 804 4244 4.
817 4181 890 4236 Nittt
899 4181 952 4237 ss'bi.
967 4181 1066 4236 Passim
1079 4182 1126 4236 sibi
1139 4185 1241 4248 midam,

1003 4251 1068 4358 ¹7
