3190 5122
203 511 313 578 CAP.
342 509 400 594 Il,
427 508 497 574 DE
523 503 1044 574 RECONCILIATIONE.
1102 530 1177 602 279

116 667 181 712 suae
195 667 325 736 semper
338 638 512 726 infestum,
530 637 666 709 duobus.
677 635 816 734 publicis
825 634 959 728 judiciis
974 651 1099 708 tutatus
1111 653 1177 727 est,

115 739 232 818 ut'sine
249 747 316 818 ullo
332 747 469 817 crimine
490 743 646 832 levitatis,
668 745 713 812 ita
735 769 811 812 cum
830 740 937 835 aliqua
958 741 1078 814 laude:
1101 747 1180 838 quia

114 855 291 948 speciosius
317 852 486 948 aliquanto
511 851 638 943 injuriae
663 849 830 920 beneficiis
853 851 1051 937 vincuntur,
1076 876 1176 945 qrram

114 963 220 1030 mutui
242 961 307 1030 odii
327 960 508 1056 pertinacia
527 971 716 1052 pensantur.

170 1063 201 1138 5.
215 1067 384 1138 Ciceronis
392 1081 503 1136 autem
519 1063 643 1132 sactum
659 1063 741 1134 adeo
755 1064 862 1132 risum
875 1076 924 1132 est
939 1061 1180 1155 probabile„ut

113 1173 235 1244 imitari
261 1173 295 1242 id
320 1197 361 1242 ne
385 1171 627 1242 inimicissimus
650 1170 783 1263 quidem
808 1169 854 1238 illi
878 1171 912 1238 P.
940 1167 1075 1238 Clodius
1096 1170 1177 1240 Pul-

113 1279 212 1348 cher¹
236 1278 443 1348 dubitaverit.
466 1279 533 1366 Qui
556 1279 670 1346 incesti
688 1275 842 1346 criminc²
865 1300 883 1344 a
907 1273 1011 1343 tribus
1028 1275 1176 1347 lentulis

112 1401 302 1474 accusatus,
317 1411 421 1454 unum
435 1409 475 1454 ex
492 1384 543 1452 his
559 1383 703 1451 ambitus
720 1407 814 1452 reum
829 1382 1012 1474 patrocinio
1030 1407 1089 1450 suo
1105 1409 1178 1477 pro-

112 1493 209 1579 texit,
231 1507 329 1586 atque
349 1493 546 1584 inanimum
567 1487 711 1572 induxit,
730 1501 764 1562 et
777 1487 921 1582 judicem
936 1502 969 1556 et
985 1501 1178 1581 praetorem,

112 1613 146 1666 et
162 1600 273 1668 Vestae
297 1599 401 1668 aedcm
426 1599 575 1682 intuens,
598 1595 740 1664 amicum
768 1592 910 1664 Lentulo
936 1618 1064 1688 agere:
1091 1596 1177 1664 inter

111 1690 210 1796 quae³
237 1704 290 1773 ille
316 1701 455 1772 salutem
480 1702 550 1796 ejus
580 1699 668 1770 soedo
693 1701 829 1771 crimine
859 1701 1000 1772 obrucre
1025 1702 1176 1796 cupiens,

110 1810 224 1878 hostili
247 1833 328 1877 voce
350 1822 572 1902 peroraverat.

166 1914 202 1984 6.
223 1916 380 1986 Caninius
407 1930 517 1984 autem
539 1901 680 1988 Gallus*
693 1938 786 1982 reum
809 1914 933 2010 pariter
955 1927 1053 2008 atque
1073 1938 1175 1984 accu-

111 2034 257 2090 satorem
281 2017 505 2090 ndmirabilem
529 2023 612 2115 egit,
631 2035 664 2089 et
685 2023 724 2090 C.
746 2021 898 2108 Antonii,
921 2046 1019 2114 quem
1039 2020 1174 2090 damna·

111 2140 226 2215 verat,
249 2125 349 2196 filiam
368 2128 401 2195 in
414 2130 660 2198 matrimonium
675 2126 845 2215 ducend0‚
867 2141 900 2196 et
916 2129 963 2195 M.
979 2127 1175 2218 Colonium‚

110 2337 150 2391 sic
160 2337 212 2390 ait:
226 2337 314 2404 uQuin
325 2338 403 2392 etiam
414 2337 520 2392 Paullus
532 2351 621 2393 noster
664 2339 701 2392 ris
715 2339 840 2404 Caesaris,
856 2351 964 2410 captus,
980 2337 1047 2392 ndes
1065 2339 1174 2398 Cnsaris

109 2415 260 2490 productus
274 2419 346 2471 testis
361 2419 387 2471 in
404 2417 537 2484 Sextium,
557 2437 621 2472 con·
664 2437 724 2472 cum
741 2431 812 2472 veste
826 2419 948 2472 muliebri
963 2431 1095 2478 noctruno
1111 2432 1175 2478 tena-¹

110 2497 230 2552 firmavit
249 2516 276 2550 se
294 2517 387 2551 nunen
401 2498 503 2552 Vatinii
519 2495 621 2551 delatu-
664 2517 729 2570 pore
741 2497 996 2570 intrarat„indeque
1015 2501 1113 2570 ejtrrtua
1125 2512 1173 2556 est.

109 2596 190 2642 rum,
201 2577 222 2630 si
237 2577 275 2630 Μ.
292 2579 409 2631 Licinius
422 2591 616 2630 cunctaretur·
664 2577 767 2634 Tribus.
777 2576 915 2644 Lentulis,
931 2598 944 2631 a
961 2579 1057 2653 qpibus
1071 2598 1175 2632 accusa·

110 2655 145 2709 Et
158 2649 268 2710 hunc'in
281 2657 436 2710 Ciceronem
449 2675 509 2710 curn
524 2655 620 2710 Clodio
664 2669 706 2710 tus
721 2669 776 2720 est,
791 2658 955 2728 praenomina
975 2657 1048 2714 inere
1059 2659 1173 2722 Publio,

110 2735 287 2808 conspirasse,
296 2737 388 2808 opinio
401 2748 457 2801 est,
468 2736 511 2788 cui
523 2733 620 2790 deinde
663 2735 748 2794 Lucio
761 2749 787 2788 et
801 2737 875 2790 Ceio.
889 2768 929 2785 -η
940 2735 1059 2790 Ambitus.
1072 2737 1176 2790 Postre-

110 2816 294 2872 reconciliatus
303 2815 478 2888 patrocinium
491 2834 567 2872 suum
577 2813 621 2867 de-
664 2833 707 2866 ma
728 2815 769 2866 lex
785 2828 878 2871 contra
896 2815 1009 2868 ambitum
1027 2815 1078 2867 init
1093 2817 1171 2870 Julia.
1247 2851 1251 2856 -

111 2893 161 2947 dit.
171 2895 320 2947 -Duobus
327 2895 430 2966 psallicr's
440 2895 550 2965 J'ndiciis.
560 2895 622 2946 Am·
664 2893 791 2945 —Vestoe
807 2895 879 2949 oedem
890 2897 990 2945 intruens.
1005 2894 1093 2957 Quutn
1107 2908 1175 2948 esset

109 2975 184 3028 bitus
206 2987 233 3027 et
255 2973 463 3046 repetundarum
488 2985 622 3027 accinatur
665 2971 693 3024 in
713 2986 855 3044 conspectu
875 2970 954 3034 aedis,
971 2973 1053 3028 etita
1071 2993 1173 3027 mernor

88 3073 90 3080 ·
110 3067 178 3107 eran
195 3054 303 3106 Publica
318 3053 414 3124 judicia
429 3066 503 3119 sunt,
513 3072 572 3126 qun
588 3049 622 3104 ad
664 3051 830 3104 contumeliae
846 3052 894 3104 sibi
911 3051 965 3102 illic
981 3051 1097 3121 objectae.

108 3133 305 3204 rempublicam
320 3131 466 3206 pertinent,
477 3145 504 3186 et
517 3131 551 3186 de
566 3132 623 3205 qui·
708 3132 734 3184 3.
756 3133 824 3184 Inter·
839 3152 902 3204 qna.
926 3131 987 3184 Non
1007 3134 1070 3182 brem
1084 3151 1169 3204 quare,

108 3215 164 3266 bus
186 3212 238 3263 lata
257 3213 299 3264 lex
320 3224 376 3274 est,
396 3213 509 3283 exempli
529 3231 623 3277 causa,
665 3209 737 3286 quod
752 3223 813 3264 vett.
827 3209 887 3266 edd.
900 3211 1007 3264 habent.

109 3291 256 3362 majestatis
262 3290 623 3364 ltesa,pecnlatus,perduel·
707 3297 733 3356 4.
745 3291 860 3346 Cannio
871 3303 949 3343 autem
965 3289 1062 3346 Gallus.
1076 3291 1125 3342 An.
1136 3291 1173 3346 U.

109 3370 216 3434 lionis,
227 3369 300 3434 falsi,
313 3383 363 3424 etc.
667 3373 732 3440 694.
757 3373 888 3424 Antonius
912 3371 1008 3424 multos
1030 3370 1059 3422 in
1074 3369 1173 3426 Achaia

158 3468 183 3502 1.
206 3451 237 3502 Ρ.
263 3449 362 3502 Clodius
377 3449 488 3503 Pulcher.
510 3449 582 3518 Qui,
594 3462 624 3504 nt
666 3449 821 3522 spoliaverat
830 3451 1004 3521 Graecos,qui
1016 3468 1077 3502 eum
1093 3449 1171 3520 injus

110 3529 240 3584 Ciceroni
252 3529 280 3582 in
289 3529 411 3582 exsilium
419 3527 535 3582 eundum
545 3542 624 3596 esset,
666 3543 802 3584 traxerunt
814 3528 846 3584 ad
861 3531 898 3584 M.
911 3529 1068 3594 Lucullum,
1079 3541 1172 3600 praeto·

111 3610 213 3663 ess'eeit.
233 3607 290 3662 Cic.
308 3605 341 3662 ad
359 3611 413 3662 Att.
429 3610 458 3676 1,
480 3628 514 3678 93
532 3607 623 3664 Senec.
665 3627 722 3662 rern
734 3609 915 3682 peregrinum.
930 3609 991 3680 Egit
1003 3627 1053 3680 pro
1073 3607 1172 3662 Grecis

112 3689 219 3762 epistol.
235 3707 283 3760 97.
305 3690 356 3742 An.
379 3689 445 3742 Urb.
466 3693 541 3758 692,
557 3707 623 3759 70⁰·
666 3687 771 3754 Gallus,
794 3702 857 3742 tunc
887 3687 1105 3743 adolescentulus.
1131 3721 1172 3733 --

158 3789 184 3822 a.
209 3769 300 3822 Incesti
321 3773 426 3822 crimine.
455 3768 625 3842 stupraverat
666 3769 704 3822 Μ.
727 3769 861 3822 cobrium.
883 3767 1012 3822 Caninius
1037 3783 1172 3824 accusatus

114 3847 228 3902 Clodius
245 3861 297 3901 tres
317 3867 420 3902 sorores
438 3867 504 3903 snas.
521 3845 624 3902 Deinde
667 3861 705 3902 est
724 3849 850 3914 ambitus,
869 3845 939 3918 apud
956 3847 995 3903 Μ.
1012 3848 1172 3913 Cotonium,

113 3946 200 4000 quum
214 3927 301 3981 Cesar
313 3929 433 4001 pontifex
445 3928 572 3980 maximus
584 3946 624 3980 es-
667 3926 739 4000 quod
755 3927 782 3981 in
797 3939 918 3999 praetura
935 3928 1064 3999 petitione
1082 3927 1172 3982 candi·

113 4020 170 4072 set,
181 4008 262 4079 inque
275 4005 376 4062 adibus
391 4010 447 4080 ejus
460 4027 532 4063 sacra
544 4009 624 4061 Bona
667 4007 744 4062 datus
760 4005 945 4078 gladiatorium
964 4005 1057 4062 ludum
1073 4010 1173 4082 populo

113 4085 172 4140 den
184 4087 290 4152 fierent,
305 4087 338 4141 ad
352 4106 411 4160 qun
422 4088 486 4142 viris
502 4085 624 4144 accedere
667 4086 836 4154 dedisset,ut
844 4088 962 4142 favorem
969 4091 1024 4161 ejus
1032 4089 1173 4162 amplecte·

113 4185 170 4219 non
182 4165 386 4239 licebat,amore
398 4169 547 4245 Pompeiae,
558 4189 623 4224 uxo·
667 4181 756 4238 retur,
770 4181 796 4223 et
810 4167 871 4224 licet
891 4170 1056 4238 narratione
1074 4169 1174 4225 lunaris

913 4266 979 4350 18⁴
