3218 5128
405 517 455 590 60
607 515 834 587 VALERII
869 515 1077 582 MAXIM}
1111 515 1207 584 LIB.
1242 517 1269 584 1.

402 653 546 738 sactum,
564 663 597 718 et
615 651 874 743 interrogantem
894 671 986 734 eum,
999 645 1086 742 quid
1095 652 1145 716 ito
1161 663 1232 716 tom
1248 653 1338 716 tristi
1351 651 1468 736 νιιὶαι,

402 765 530 828 incerto
551 755 837 844 z'tinerafhrrecur
850 779 860 822 :
875 753 988 822 audito
1009 752 1129 822 deindo
1149 778 1248 842 casu,
1268 780 1335 848 quo
1353 757 1469 824 confli-

403 864 569 950 ctabatur,
588 860 874 956 comprehendisse
892 859 1059 928 dexteram
1081 884 1194 944 suam,
1212 883 1251 929 ac
1265 885 1299 930 se
1317 865 1470 956 proximo

404 967 530 1038 iictori¹
557 971 590 1036 in
616 981 869 1038 monumentum
892 967 993 1061 ipsius
1018 964 1248 1036 deducendum
1273 967 1470 1054 tradidisse,

404 1075 494 1170 quod
515 1074 661 1158 diceret,
676 1074 725 1144 ibi
740 1099 813 1144 esse
835 1075 997 1142 &atrorem
1016 1088 1129 1142 status
1146 1097 1239 1168 spem
1256 1071 1469 1170 repositam:

404 1206 466 1250 nec
483 1179 577 1250 aiite'r
594 1183 725 1250 evenit:
744 1205 822 1248 nam
838 1181 871 1248 in
889 1178 958 1247 aede
976 1180 1068 1248 Jovis
1087 1181 1237 1248 Mariana
1252 1195 1468 1251 senatuscon-

405 1285 527 1357 sultum
549 1286 590 1356 dc
610 1287 717 1356 reditu
735 1287 805 1380 ejus
827 1300 876 1354 est
897 1285 1030 1355 factum.

458 1416 493 1487 6.
514 1419 551 1488 C.
576 1433 686 1486 autem
705 1412 877 1487 Graccho³
897 1415 1095 1486 imminentis
1118 1441 1212 1486 casus
1234 1419 1389 1492 atrocitas
1410 1442 1469 1514 pa·

407 1523 469 1592 iam
483 1537 580 1618 atque
596 1539 709 1619 aperte
728 1548 788 1618 per
801 1523 944 1616 quietem
962 1521 1153 1592 denuntiata
1165 1537 1234 1592 est:
1250 1549 1368 1593 somno
1380 1525 1468 1592 enim

406 1655 557 1726 pressus,
581 1632 629 1700 Ti.
653 1629 797 1700 Gracchi
817 1628 925 1697 fratris
947 1627 1090 1723 effigiem
1111 1629 1212 1716 vidit,
1230 1629 1368 1700 dicentis
1387 1629 1469 1719 sibi,

404 1738 514 1808 Nullo
530 1742 664 1806 rotrone
678 1761 752 1806 eum
763 1741 876 1806 vitare
881 1759 1005 1830 posse,
1022 1751 1059 1804 ut
1071 1735 1206 1828 eofoto
1220 1760 1289 1806 non
1299 1721 1467 1832 ³per1'1et,

403 1867 471 1938 quo
489 1849 562 1940 inse
569 1845 757 1940 propulsus
772 1867 792 1910 e
808 1843 977 1938 Capitolio
996 1841 1180 1912 occadmset.
1196 1841 1236 1911 Id
1254 1868 1294 1912 cx
1314 1841 1468 1914 Graccho

404 1951 511 2044 prius,
525 1975 625 2046 quam
639 1951 861 2036 tribunatum,
874 1949 907 2016 in
920 1973 986 2041 quo
1002 1947 1183 2026 fraternum
1195 1951 1318 2018 exitum
1332 1949 1469 2036 habuit,

404 2057 520 2144 iniret,
544 2056 638 2125 multi
663 2057 869 2127 audiverunt
894 2041 1034 2122 Coelius⁴
1053 2057 1171 2144 etiam,
1189 2071 1298 2126 certus
1323 2079 1469 2125 romanae

406 2265 537 2338 oppidum
543 2277 582 2319 eat
587 2269 659 2336 juxta
665 2265 790 2318 Ponticae
798 2264 915 2336 paludes,
959 2277 1009 2330 eat,
1018 2265 1064 2336 qui
1075 2266 1198 2330 miretur,
1207 2265 1234 2318 in
1245 2265 1323 2318 simili
1330 2263 1468 2317 molimine

407 2342 480 2414 quod
492 2346 561 2397 inter
575 2345 691 2398 coloniae
709 2363 776 2398 rom.
793 2359 915 2398 numerat
959 2343 1087 2415 ejusmodi
1101 2345 1225 2416 imagines
1236 2346 1260 2398 ei
1271 2345 1297 2398 in
1309 2344 1414 2398 oomnio
1423 2363 1471 2415 ap·

406 2423 558 2476 Frontinus.
565 2455 605 2467 -
612 2423 755 2476 Comalatnu
762 2435 871 2476 amotam
880 2429 916 2476 in·
954 2423 1088 2494 pamiae?
1101 2423 1153 2478 Sed
1166 2437 1235 2477 errat
1248 2425 1275 2476 in
1286 2443 1319 2478 eo
1330 2424 1469 2486 Valerius,

406 2503 522 2574 signibus.
539 2503 655 2573 Inaignia
668 2504 860 2574 magiatratibua
881 2503 915 2558 ad
959 2502 1032 2574 quod
1052 2505 1160 2558 fratrem
1181 2505 1260 2557 exitio
1282 2505 1310 2556 in
1330 2503 1467 2558 tribunatu

408 2581 556 2654 augendum
572 2579 742 2654 splendorem
761 2581 863 2649 addita,
882 2586 915 2637 ab
959 2583 1409 2656 oppreaanmeoaeacribit,quippe,
1420 2595 1470 2637 tea·

408 2663 525 2717 Etruacia
546 2674 703 2733 acceperunt
723 2663 845 2718 Romani.
864 2665 913 2718 An.
958 2663 1030 2714 tibua
1055 2663 1163 2734 Sigonio
1188 2663 1309 2734 aliisque,
1331 2664 1469 2716 tribunatu

408 2742 444 2794 U.
459 2743 525 2811 695.
543 2742 651 2806 Cicero,
665 2743 724 2796 Div.
738 2745 766 2807 1,
784 2745 829 2797 28.
956 2744 1011 2812 jam
1034 2755 1091 2795 tum
1113 2745 1220 2798 abierat.
1243 2774 1283 2788 -
1307 2745 1467 2796 Dema.

453 2839 476 2874 r.
489 2823 605 2875 Proximo
616 2822 702 2875 [ι’σιονί.
714 2823 781 2875 Nam
793 2843 826 2877 ex
839 2824 915 2878 lioto-
959 2823 1106 2888 Nonnulli,
1129 2827 1247 2878 nuaram.
1270 2823 1360 2878 Minna
1386 2836 1469 2877 recte.

407 2901 481 2954 ribua
488 2921 572 2956 unum
579 2903 821 2974 temperhabcbaot
829 2903 917 2974 proxi·
959 2901 1043 2974 Magio
1053 2902 1124 2956 enim
1133 2905 1282 2976 apposituro
1293 2902 1468 2956 adhererem

409 2999 481 3034 mum
488 3001 595 3037 com—
601 2983 787 3036 Mamaeum.
796 2984 842 3036 Eat
848 2981 916 3036 adea
960 2995 998 3036 eat
1006 2983 1160 3049 deumiura,
1173 2981 1246 3055 quod
1256 2985 1367 3038 verbum
1378 2983 1468 3036 minan

408 3062 464 3132 ipaa
473 3063 561 3128 Jovia,
573 3083 652 3134 qnam
666 3064 766 3116 Mariua
779 3061 916 3116 dedicave-
959 3061 1156 3135 quodammodo
1170 3076 1208 3116 eat
1223 3075 1249 3116 et
1261 3065 1415 3118 violentum.

407 3152 461 3207 rat,
478 3153 504 3193 et
515 3142 561 3194 nbi
571 3157 741 3197 monumenta
750 3161 796 3196 aua
804 3143 916 3196 colloca·
1003 3143 1028 3196 3.
1038 3145 1103 3196 Noa.
1114 3145 1146 3196 In
1157 3145 1248 3196 multia
1257 3142 1395 3197 codicibus
1403 3161 1433 3193 rae
1440 3162 1469 3193 eo

407 3219 916 3293 veratsicCic.ampinamonumentum
953 3222 1468 3295 fiatoaouperiret‚voculaaeaimpiiciter

407 3299 487 3354 Marii
501 3320 550 3372 pro
573 3300 630 3372 ipeo
645 3303 743 3374 templo
758 3317 875 3375 usurpat.
959 3321 1010 3374 pro
1022 3305 1193 3374 utpoaita.-
1202 3305 1333 3374 Pmpahm
1343 3324 1357 3354 a
1366 3301 1466 3374 Capito·

450 3400 475 3434 a.
485 3381 515 3435 C.
523 3393 602 3434 autem
613 3379 731 3435 Graccho.
744 3383 782 3435 Ti.
793 3381 916 3436 Graeclam
961 3382 1000 3434 Iao.
1018 3383 1080 3436 Hmc
1093 3385 1172 3436 verba
1186 3381 1281 3436 denum
1300 3383 1327 3436 in
1345 3382 1466 3454 pluribus

407 3461 443 3512 ob
456 3461 540 3533 legem
556 3461 684 3534 agrariam
697 3480 711 3513 a
723 3460 793 3532 Scip.
808 3463 916 3528 Naaica,
960 3459 1038 3515 codd.
1051 3463 1125 3516 MSS.
1140 3462 1260 3516 Gioaaam
1274 3463 1395 3536 capiunt,
1408 3477 1468 3534 qna

410 3539 484 3591 Caius
499 3542 595 3607 irater,
617 3543 652 3594 ob
670 3541 751 3613 legen,
772 3541 916 3596 frumenta·
960 3561 991 3594 ex
1005 3543 1122 3613 margine
1134 3543 1161 3594 iu
1176 3555 1276 3596 textum
1290 3541 1403 3614 irrepsit.
1413 3541 1466 3594 vix

407 3619 475 3671 riam
493 3632 519 3671 et
537 3621 680 3693 agrariam,
696 3621 867 3694 tertiamque,
887 3635 918 3674 ut
959 3621 1030 3675 enim
1055 3623 1178 3676 convenit
1202 3624 1253 3676 hoc
1274 3624 1353 3695 plane
1375 3638 1467 3694 auper-

409 3698 455 3750 DC
479 3701 578 3769 equitea
598 3703 770 3756 miscerentur
791 3703 917 3755 aenatori-
960 3701 1044 3754 fluum
1058 3703 1180 3774 imagini,
1191 3721 1271 3774 quam
1282 3704 1311 3756 in
1321 3701 1419 3755 comnia
1429 3701 1469 3752 vi·

408 3778 473 3841 buo,
481 3789 507 3829 et
513 3780 548 3832 oh
557 3781 627 3834 varia
638 3783 701 3838 alia,
712 3799 795 3854 quum
802 3779 917 3854 denique
961 3779 1035 3834 derat
1050 3781 1193 3836 Gracchua.

411 3857 570 3910 Aventinum
593 3875 710 3914 montem
734 3879 794 3914 cum
820 3875 917 3915 armata
1002 3862 1144 3926 4.Coe1ias.
1165 3863 1196 3915 L.
1217 3861 1315 3914 Caelina
1329 3861 1468 3932 Antipater

409 3935 579 3990 multitudine
592 3941 714 4012 cepisset,
735 3961 749 3994 a
763 3943 793 3996 L.
807 3943 917 4016 Opimio
961 3942 1126 3995 illustrieiuit
1133 3940 1321 4004 ormontem
1330 3953 1356 3993 et
1363 3938 1468 3992 hiatori

410 4017 438 4070 io
454 4017 514 4069 luco
530 4017 634 4070 Farina
647 4033 719 4072 trana
738 4022 858 4076 Tiberim
878 4037 917 4076 eat
962 4041 1014 4075 cua.
1026 4023 1121 4075 Brutus
1133 4021 1293 4093 ejuslibroa,
1305 4019 1468 4091 agreatiiicet

410 4097 518 4150 occiana.
536 4095 587 4150 coi
601 4115 682 4168 quum
697 4101 783 4154 fratria
800 4103 917 4156 funestun
961 4115 987 4156 et
1004 4099 1114 4153 horrido
1127 4103 1195 4172 etyio
1209 4099 1386 4172 conscriptos,
1401 4095 1467 4150 tanti

410 4177 497 4231 obitus
508 4189 568 4232 ante
584 4177 674 4230 oculos
685 4194 844 4246 versaretur,
858 4183 917 4254 quia
961 4195 1049 4236 tamen
1069 4181 1221 4247 aetimavit,
1242 4189 1270 4234 nt
1289 4180 1316 4232 in
1333 4177 1468 4250 epitomen
