3184 5132
392 529 461 576 102
596 501 821 573 VALERII
852 501 1057 570 MAXIMI
1084 501 1180 570 LIB.
1212 501 1264 570 11.

301 641 305 648 '
383 636 583 708 hilaritatem
597 635 799 722 animorum,
818 631 1001 704 fautoribus
1016 623 1200 702 concordiae
1214 631 1368 702 adhibitis
1383 631 1447 702 tol-

384 743 517 816 leretur.

440 871 476 944 9.
492 847 658 917 Senectuti
667 845 824 939 juventus
842 845 886 914 ita
903 841 1107 913 cumulatum
1124 857 1157 912 et
1174 843 1448 938 circumspectum

386 955 548 1024 bonorem
564 949 925 1046 reddebat¹‚tamquam
944 949 1084 1044 majores
1100 964 1179 1018 natu
1194 949 1448 1018 adolescentium

389 1084 581 1130 communes
602 1071 711 1154 patres
731 1071 840 1126 essent
857 1083 864 1125 :
884 1059 1040 1152 quocirca
1058 1057 1214 1150 juvenes,
1236 1070 1369 1124 senatus
1383 1055 1448 1142 die,

387 1169 500 1262 utique
513 1163 653 1259 aliquem
667 1189 707 1232 ex
721 1159 890 1258 patribus²
910 1163 1123 1257 conscriptis,
1138 1177 1193 1230 aut
1211 1162 1450 1256 propinquum,

388 1287 446 1342 aut
466 1285 641 1367 paternum
667 1271 809 1340 amicum
838 1267 880 1338 ad
905 1270 1030 1338 curiam
1052 1267 1276 1352 deducebant,
1296 1267 1450 1360 affixique

388 1377 493 1448 valvis
509 1375 760 1472 exspectabant,
774 1375 880 1445 donec
896 1373 1074 1444 reducendi
1088 1377 1185 1443 etiam
1205 1371 1316 1442 officio
1334 1371 1448 1467 funge-

389 1499 527 1554 rentur:
554 1507 619 1576 qua
643 1481 775 1576 quidem
800 1480 984 1551 voluntaria
1005 1466 1176 1566 statione³,
1197 1493 1231 1548 et
1254 1503 1395 1573 corpora
1419 1491 1452 1546 et

390 1593 517 1660 animos
537 1587 579 1657 ad
597 1585 729 1682 publica
744 1585 854 1658 officia
871 1589 1009 1683 impigre
1030 1585 1217 1657 sustinenda
1234 1585 1452 1671 roborabant,

389 1698 546 1790 brevique
572 1718 729 1789 processu
755 1718 923 1763 morarum
944 1695 979 1761 in
1000 1691 1108 1762 lucem
1133 1693 1293 1761 virtutum
1318 1715 1452 1760 suarum

391 1801 578 1872 verecunda
593 1798 713 1869 laboris
724 1799 935 1870 meditatione
949 1800 1009 1894 ipsi
1026 1799 1188 1868 doctiores
1200 1811 1302 1867 erant.
1318 1789 1452 1866 Invitati

390 2009 464 2084 quod
483 2010 570 2065 ceteri
591 2005 669 2062 codd.
692 2005 768 2062 MSS.
784 2008 900 2078 itemque
943 2003 1043 2060 idonei.
1063 2037 1105 2050 ·-
1129 2004 1255 2079 Affislque
1275 2005 1361 2058 colob.
1383 2003 1454 2058 Hinc

391 2109 483 2146 omnes
499 2089 571 2161 typis
588 2087 702 2160 expressi
716 2087 829 2154 hebent,
843 2105 899 2140 non
943 2086 1012 2142 sorte
1021 2099 1079 2140 orte
1088 2085 1175 2140 fabule
1181 2084 1215 2138 de
1222 2085 1311 2157 pueris
1318 2097 1455 2158 pretexta-

392 2187 466 2242 aque
473 2169 588 2240 probum
594 2166 799 2222 esset-Sacro
806 2187 900 2220 mure.
944 2166 977 2219 tis
990 2167 1018 2219 in
1029 2164 1202 2220 senstu.Vide
1211 2166 1345 2230 Gellium,
1358 2165 1387 2230 1,
1400 2165 1454 2232 23;

392 2248 504 2315 Omnis,
525 2265 583 2318 qne
602 2247 699 2300 mensis
714 2259 901 2318 apponuntur,
943 2245 1039 2318 Polyb.
1053 2245 1106 2304 Ill,
1120 2245 1297 2312 so;ldecrob.
1310 2245 1415 2298 Seturn.
1426 2245 1455 2312 1,

393 2337 489 2380 sermea
504 2326 608 2390 habite,
622 2324 684 2396 quis
702 2325 806 2392 erbis,
828 2338 902 2378 ente·
946 2327 973 2380 6.
987 2355 1028 2368 -·
1045 2323 1144 2395 Officio.
1160 2325 1265 2397 Lipsius
1279 2323 1307 2377 in
1322 2338 1375 2378 tet.
1392 2321 1453 2376 cod.

393 2423 474 2479 quem
480 2417 658 2468 vescerentur,
664 2403 794 2477 primitius
800 2423 902 2476 semper
944 2403 1049 2476 officium
1064 2404 1194 2458 iuvenisse
1209 2416 1327 2458 testetur.
1340 2401 1456 2456 Perinde

394 2486 464 2546 Diis,
472 2483 546 2556 qussi
556 2484 688 2549 convivis,
698 2483 903 2538 offerebantvi·
945 2501 1006 2538 tene
1017 2497 1069 2550 est,
1084 2502 1168 2556 quum
1181 2485 1275 2556 sepius
1286 2503 1347 2538 eum
1357 2495 1456 2555 quarto

395 2563 430 2618 de
436 2564 585 2638 synesium,
593 2582 635 2636 ep.
645 2562 902 2632 573Arnobium,11.
945 2582 1006 2618 casu
1017 2566 1045 2616 τὸ
1051 2565 1129 2634 sangi
1137 2565 1259 2636 junctum
1274 2563 1435 2616 invenietur.

395 2643 597 2698 -Foutortbsm
608 2639 694 2696 codd.
705 2641 780 2694 MSS.
792 2655 904 2713 septem·
988 2643 1014 2697 3.
1022 2643 1168 2697 Voluntaria
1174 2646 1288 2706 statione,
1301 2641 1318 2694 i.
1328 2661 1351 2695 e.
1359 2641 1458 2714 vigiliis

396 2722 483 2776 decim
498 2736 523 2775 et
533 2721 683 2790 sartoribus,
702 2733 733 2773 ut
750 2721 817 2774 mire
836 2733 904 2774 emet
946 2734 973 2777 et
992 2721 1123 2788 excubiis,
1147 2735 1240 2794 sponte
1260 2722 1395 2794 susceptis.
1415 2752 1457 2764 -

397 2801 493 2857 Noster
523 2802 678 2875 coprderum
706 2799 903 2854 abundantiam.
946 2801 1179 2876 Breviqoepmcessu
1181 2841 1254 2855 ........
1256 2801 1457 2855 erantcrncem

397 2881 451 2936 Pro
473 2881 613 2951 fautoribus
634 2893 695 2935 suut
722 2881 768 2952 qui
791 2881 905 2934 babeant
947 2881 1004 2954 figit
1017 2879 1062 2934 hic
1073 2882 1147 2936 locus
1157 2881 1354 2954 interpretibus.
1369 2881 1458 2933 Moro-

392 2963 536 3029 saetors'bus.
550 2962 641 3020 Minus
654 2963 730 3016 bene.
948 2979 999 3013 rom
1013 2961 1040 3012 iu
1051 2960 1214 3032 paucissimis
1226 2959 1300 3014 MSS.
1312 2961 1457 3014 invenitur.

440 3060 466 3095 r.
482 3041 602 3096 Senectuti
606 3081 685 3096 ......
690 3037 812 3094 reddebat.
825 3037 905 3106 Quod
948 3037 1098 3094 Nonnulli:
1113 3059 1225 3112 processu
1243 3060 1319 3091 renem
1332 3043 1357 3092 its
1373 3039 1457 3092 nam.

398 3119 543 3192 itemepud
557 3119 907 3194 Grecos,prncipueLaoe·
948 3119 1073 3191 Quinque
1093 3137 1306 3192 :processurum
1327 3123 1352 3170 io
1373 3117 1457 3170 lucem.

279 3265 282 3272 Α
398 3197 617 3264 demonios,uec
630 3195 768 3269 nonspud
778 3199 905 3269 reliquas,
948 3199 1033 3252 Porro
1042 3199 1097 3252 sere
1105 3195 1368 3266 omnes,oetecundo;
1379 3217 1459 3264 unus,

398 3279 469 3334 vitiis
478 3276 600 3332 nondum
608 3275 908 3348 depravatas,barbarss
949 3278 1101 3333 uerecundia.
1119 3279 1242 3352 Plerique
1257 3277 1374 3330 doctim
1384 3298 1395 3340 ;
1407 3279 1459 3330 Ul·

399 3377 506 3431 quoque
515 3367 616 3429 gentes,
624 3357 706 3410 moris
717 3355 822 3410 tuis-
832 3357 906 3412 Tom-
950 3359 1050 3429 treject.
1060 3376 1110 3412 sec.
1122 3359 1229 3411 dictores
1235 3379 1246 3420 ,-
1254 3355 1315 3412 edd.
1324 3355 1460 3429 wedam,

400 3457 469 3509 quom
488 3449 573 3492 urent.
589 3435 774 3501 Getl.11,15.
950 3437 1065 3492 doctores.
1072 3437 1145 3510 Lips.
1153 3437 1273 3510 conjicit:
1282 3432 1398 3510 Brevique
1403 3456 1460 3509 pro·

440 3537 467 3572 n.
478 3517 618 3570 Iuvenes...
626 3513 737 3588 petribrts
747 3525 797 3568 etc.
805 3513 908 3570 Vixisse
950 3537 1094 3569 caesurarum
1104 3523 1128 3569 itt
1138 3518 1211 3569 heom
1221 3521 1338 3569 virtutum
1345 3535 1460 3568 vererem-

400 3595 478 3648 etiam
497 3595 651 3650 Graecorum
670 3612 745 3646 more
762 3594 856 3668 majori
876 3614 908 3648 ex
951 3593 1139 3650 doetlolors'osa
1146 3597 1309 3652 meditatione.
1319 3597 1462 3668 iusidoctio·

401 3687 476 3744 parte
491 3673 671 3730 adolescentis
685 3691 747 3728 cum
762 3673 909 3728 senioribus
952 3695 988 3729 rer
1002 3689 1078 3730 erant.
1093 3673 1225 3730 Torrenio
1235 3675 1357 3748 proxime
1369 3673 1403 3728 sd
1414 3693 1460 3726 ve·

399 3754 773 3832 juventutem,indicatVarro
781 3753 910 3824 apudblo·
951 3773 1012 3808 rum
1019 3754 1125 3809 videtur
1132 3755 1254 3809 accedere
1264 3775 1271 3809 :
1282 3757 1399 3828 Breoique
1404 3773 1463 3827 pro·

401 3831 487 3885 nium.
504 3831 565 3899 Quo
581 3835 693 3899 lactum,
711 3847 742 3886 ut
759 3831 909 3887 odolescen·
952 3853 1097 3888 cessurarum
1113 3839 1137 3887 in
1154 3837 1226 3888 lucem
1238 3839 1354 3888 virtutum
1365 3853 1461 3887 suanm

401 3911 470 3964 tium
491 3911 669 3968 formarentur
686 3913 767 3967 animi
789 3925 815 3966 et
833 3913 910 3966 bonis
953 3913 1086 3968 nencrmdo
1098 3913 1186 3968 laboris
1197 3915 1348 3968 meditatione
1358 3918 1404 3986 ipsi
1416 3914 1461 3965 do·

401 3989 521 4044 moribus
547 3991 742 4060 imbuerentur,
765 4011 815 4046 neo
841 4012 910 4060 non,
952 4006 1028 4047 ctum
1043 4008 1131 4058 eroum
1152 3995 1224 4067 quod
1245 4009 1304 4050 est:
1319 3995 1376 4046 ibim
1391 3999 1464 4047 itaet

402 4071 529 4142 exernplis
548 4069 634 4124 edocti
653 4085 679 4126 et
692 4071 804 4137 moniti,
821 4071 854 4125 ad
869 4089 911 4125 res
954 4093 1054 4145 corporo
1069 4085 1093 4126 et
1111 4077 1201 4128 animos
1220 4075 1256 4127 od
1269 4073 1368 4146 publiea
1381 4073 1462 4144 officie

403 4149 509 4222 publice
530 4147 657 4222 gerendas
679 4149 793 4204 subinde
817 4151 911 4206 fierem
954 4155 1053 4224 impigre
1064 4153 1201 4208 sustinenda
1212 4151 1369 4215 roborabant,
1381 4173 1407 4205 se
1417 4156 1464 4223 ipsi
