3196 5122
327 460 433 528 CAP.
467 458 525 546 11,
554 459 623 526 DE
655 457 1041 526 FORTITUDINE
1144 451 1220 556 ²⁰9

152 593 237 691 que'
257 615 353 664 servo
369 587 522 686 publico,
539 588 596 684 qni
610 611 683 658 eam
701 587 897 677 tradiderat,
919 619 937 656 α
950 591 1078 680 Critite,
1098 594 1222 690 inquit,

153 701 321 797 propino:
345 696 421 766 vide
442 696 560 791 igitur,
582 709 622 764 ut
641 695 707 764 hoc
727 693 886 791 poculum
907 695 949 766 ad
967 721 1043 768 ettm
1063 702 1220 770 continuo

152 807 308 904 perieras.
321 821 348 860 ”v
364 806 447 874 Erat
470 804 558 872 enirn
585 804 613 870 is
634 825 675 872 ex
698 825 773 870 xxx
793 805 941 896 tyrannis
965 804 1220 879 crudelissimus.

152 913 307 984 Profecto
332 925 382 982 est
402 908 564 1005 supplicio
582 933 617 978 se
641 906 798 992 liberare,
818 923 886 978 tarn
909 907 1004 978 facile
1024 910 1220 1008 supplicium

152 1020 310 1116 perpeti:
338 1019 447 1112 itaque
474 1016 722 1104 Theramenes,
744 1014 881 1109 perinde
910 1039 950 1086 ac
978 1016 1011 1084 in
1039 1017 1220 1091 domestico

152 1125 274 1196 lectulo
296 1125 457 1210 moriens,
475 1124 544 1191 vite
568 1122 727 1208 excessit,
752 1123 962 1191 inimicorum
983 1125 1220 1198 existimatione

152 1234 304 1328 punitus,
326 1255 386 1300 suo
404 1229 529 1323 judicio
548 1226 691 1298 linitus².

209 1333 691 1435 7.Sed'llreramenesaliteris
701 1348 735 1404 et
745 1334 897 1404 doctrina
909 1333 1100 1407 virilitatem
1112 1342 1220 1410 traxit

153 1446 361 1516 Numantino
381 1467 462 1512 vero
486 1441 657 1535 Theogeni
680 1439 722 1510 ad
742 1441 946 1512 consimilem
977 1445 1136 1514 virtutem
1163 1471 1221 1515 ca-

155 1551 368 1648 pessendam,
387 1547 480 1642 quasi
502 1548 659 1642 magistra
681 1549 786 1642 gentis
804 1573 870 1618 suae
884 1535 1059 1620 ferocitus³
1081 1555 1223 1644 exstitit,

154 1659 292 1754 perditis
311 1679 389 1724 nam
437 1679 455 1723 e
474 1667 511 1722 et
528 1653 668 1723 alilictis
682 1653 780 1724 rebus
801 1657 1105 1744 Numantinorum,
1119 1685 1222 1754 quum

155 1788 272 1836 omnes
301 1763 390 1830 cives
435 1757 623 1843 nobilitate,
643 1761 801 1853 pecunie,
828 1760 1012 1833 honoribus
1034 1781 1222 1858 prestaret3

154 1873 267 1939 vicum
280 1892 392 1953 suum,
407 1867 464 1960 qui
477 1867 562 1934 inea
575 1865 658 1934 urbe
670 1867 927 1961 speciosissimus
941 1883 1027 1958 erat,
1043 1875 1221 1944 contractis

156 1975 303 2069 undique
316 1973 526 2042 nutrimentis
541 1971 642 2065 ignis,
657 1972 825 2060 incendit3
841 1977 1057 2070 protinusque
1071 1981 1221 2049 strictum

157 2081 302 2177 gladium
317 2082 351 2150 in
365 2078 474 2148 medio
492 2078 619 2172 posuit,
631 2102 670 2146 ac
685 2078 779 2148 binos
793 2081 878 2148 inter
892 2105 927 2148 se
943 2081 1100 2152 dimicare
1108 2086 1220 2179 jussit,

156 2203 196 2256 ut
211 2189 337 2273 victus,
354 2187 456 2255 incisa
475 2185 605 2254 cervice
620 2183 813 2254 ardentibus
826 2188 922 2256 tectis
936 2189 1219 2284 superjaceretur:

154 2294 214 2388 qui
233 2317 336 2387 quum
355 2306 423 2360 tam
445 2291 523 2359 forti
541 2288 614 2386 lege
635 2292 750 2360 mortis
769 2316 884 2362 omnes
902 2294 1156 2392 absumpsisset,
1177 2299 1220 2368 ud

154 2398 309 2468 ultimum
329 2422 364 2468 se
390 2399 460 2492 ipse
482 2396 622 2465 flammis
644 2397 813 2467 immersit.

211 2505 243 2575 8.
267 2505 412 2590 Verum,
430 2517 468 2572 ut
485 2525 578 2598 eque
597 2501 722 2598 populo
737 2528 876 2575 romano
893 2506 1033 2577 inimicae
1051 2509 1143 2579 urbis
1162 2536 1218 2581 err-

155 2697 351 2764 lundebant‚et
363 2697 386 2749 si
400 2696 470 2748 illisu
485 2713 566 2748 sonus
581 2697 666 2768 major
709 2709 774 2751 rent.
790 2697 857 2752 Nam
869 2696 942 2770 quod
956 2685 1111 2770 portabatur
1126 2704 1154 2756 in
1172 2725 1218 2758 ur-

156 2777 293 2844 ederetur,
308 2795 335 2829 re
348 2777 382 2829 ab
395 2775 498 2828 amasiis
512 2775 566 2828 suis
584 2777 666 2828 amari
708 2777 770 2830 bern
778 2797 826 2848 per
837 2795 896 2842 eoa,
908 2777 955 2848 qui
966 2779 1097 2844 exierant,
1109 2779 1142 2834 ad
1155 2803 1219 2856 pan-

156 2858 359 2930 augurabantur.
709 2875 802 2908 eorum
825 2854 931 2908 dierum
949 2875 1026 2910 usum
1044 2871 1117 2926 erat;
1138 2863 1218 2932 igitur

203 2957 226 2991 r.
239 2937 408 3009 deridensque.
419 2933 452 2986 ld
463 2947 516 3000 eet,
528 2931 667 2986 subridens
710 2935 872 3006 consumptis
884 2935 1024 3001 omnibus,
1042 2957 1101 3009 qua
1122 2939 1157 2994 ad
1176 2943 1216 2995 vi-

155 3015 278 3072 deductis
292 3015 385 3069 leviter
403 3015 487 3068 labiis.
510 3045 550 3056 -
572 3013 666 3067 Crtrtoe.
710 3025 959 3085 ctumproestarent‚
970 3013 1166 3092 desperatisque
1178 3041 1219 3076 ω.

154 3097 240 3166 Quasi
265 3095 401 3158 divinans,
428 3093 539 3148 Critiam
560 3111 668 3168 quoque
710 3093 813 3147 ciorum
828 3104 854 3146 et
872 3093 985 3148 eliorum
1000 3098 1118 3162 auxiliis,
1134 3119 1217 3172 quum

155 3177 234 3232 brevi
246 3175 416 3228 utterlectnna
429 3173 472 3226 iri.
708 3173 762 3244 jam
774 3173 848 3226 furnis
860 3175 1052 3230 extremitatem
1064 3175 1165 3233 diutins
1176 3193 1217 3234 to·

204 3275 228 3308 a.
251 3255 353 3307 Finitus.
377 3249 460 3306 Finiri
481 3269 532 3322 pro
545 3252 612 3304 mori
628 3251 666 3304 le·
710 3251 859 3305 lerarenon
874 3267 995 3326 possent,
1011 3275 1045 3310 ne
1058 3257 1086 3310 in
1104 3259 1217 3314 servitu·

155 3337 232 3409 gitur
250 3335 320 3386 inter
340 3332 404 3386 alios
423 3329 493 3402 apud
516 3329 667 3396 lustinum,
710 3344 764 3384 tem
784 3333 918 3399 venirent,
938 3335 1049 3388 consiliu
1067 3336 1217 3410 Theogenis

156 3412 309 3476 xxv11,3
323 3406 666 3484 :equoproecr'pr'rutursmr'tun
710 3411 866 3464 seinvicem
886 3413 1019 3468 tradentes
1038 3417 1113 3485 neci,
1125 3436 1217 3474 ornnes

202 3493 230 3548 3.
246 3491 325 3562 Quasi
336 3493 489 3559 magiam...
504 3493 603 3541 exstitit.
618 3489 668 3542 Fr·
710 3491 900 3548 occubuerunt.

156 3585 337 3643 ctum,qnnm
346 3570 434 3641 Scipio
443 3568 613 3621 Numantiam
622 3570 669 3621 ob·
751 3576 779 3634 4.
802 3571 890 3624 Omnes
911 3577 978 3624 rives.
999 3573 1140 3632 Nonnullis
1154 3577 1215 3634 edd.

156 3651 268 3707 sideret.
284 3653 334 3704 An.
350 3649 386 3702 U.
402 3653 470 3702 tiae.
480 3648 585 3714 Livius,
595 3647 666 3710 LIX.
710 3661 775 3705 vett.
792 3653 842 3715 estu
857 3651 947 3723 inepte
963 3653 1079 3707 insutum
1092 3675 1123 3710 ex
1137 3678 1219 3713 anno·

156 3733 249 3805 Scipio
260 3730 411 3802 complures
425 3725 572 3800 oppidanos
581 3747 612 3782 ex
621 3747 667 3782 ur·
711 3729 951 3796 tationibus300dd.
962 3731 1036 3786 MSS.
1045 3753 1099 3788 non
1109 3737 1215 3792 habent.

156 3807 395 3884 beprogressosad
406 3805 668 3880 colligendaquelru·
710 3839 747 3854 ·-
765 3809 910 3865 Honoribus.
923 3809 984 3864 Sine
999 3815 1093 3884 copula
1106 3837 1150 3888 que
1169 3837 1218 3891 per

158 3903 248 3945 menta
271 3889 387 3962 palantes
410 3906 458 3960 per
483 3905 559 3959 egros
583 3885 668 3941 occidi
711 3887 874 3960 asyndeton,
887 3889 967 3962 vulgo
982 3892 1160 3968 lwnoribeuque.
1177 3929 1216 3942 .-

158 3973 261 4036 vetuit,
280 3968 353 4042 quod
369 3967 482 4032 diceret,
497 3985 530 4020 eo
547 3967 668 4034 lucilius,
713 3970 808 4022 Vt'cm
824 3970 906 4024 Vicus
918 3971 969 4024 hoc
981 3971 1041 4025 loco
1053 3987 1091 4027 est
1103 3994 1163 4047 pars
1174 3997 1219 4030 ur.

158 4049 288 4124 quicquid
304 4049 430 4103 frumenti
451 4060 517 4102 esset
536 4047 563 4100 in
585 4048 668 4112 urbe,
711 4047 768 4114 his,
783 4066 815 4100 ex
836 4051 925 4104 multia
944 4049 1068 4106 domibus
1088 4069 1217 4110 constans.

158 4143 366 4204 consumpturos
378 4146 449 4194 esse,
465 4145 519 4200 quo
532 4127 669 4200 pluteses·
712 4125 783 4180 Vide
801 4126 835 4180 de
861 4129 911 4184 hac
929 4148 994 4186 voce
1014 4131 1166 4190 Munatium
1184 4133 1217 4190 ad

208 4217 240 4283 1.
991 4217 1033 4298 td
