3196 5122
284 541 392 610 CAP.
422 539 521 627 Vll,
548 539 617 608 DE
645 539 872 609 FIDUCIA
898 543 997 610 sul.
1105 541 1180 614 235

107 673 165 743 do'
186 675 342 770 fatigatus
360 687 420 744 est.
443 675 543 743 Diem
561 671 606 742 illi
628 673 671 742 ad
692 672 854 769 populum
879 677 926 744 M.
948 674 1100 745 Naevius'
1121 679 1183 746 tri-

107 783 217 851 bunus
232 782 351 877 plebis,
371 797 446 868 aut,
468 795 507 850 ut
520 781 654 876 quidam
669 795 875 868 memorant,
894 782 962 851 duo
975 781 1081 852 Petilii
1093 783 1185 853 dixe-

107 904 206 958 rant:
230 915 296 984 quo
316 890 442 983 ingenti
460 888 649 983 ¹frequentia
667 889 701 955 in
724 888 834 958 forum
856 889 1037 977 deductus,
1060 893 1185 960 Rostra

106 997 318 1084 conscendit,
349 997 515 1090 capitique
545 1021 606 1064 suo
635 1016 760 1065 corona
784 994 980 1092 triumphali
1006 999 1183 1092 imposita,

110 1107 243 1172 «Hace
267 1129 303 1190 o,
317 1105 441 1198 inquit,
458 1103 625 1192 Quirites,
640 1103 709 1190 die,
725 1101 964 1198 Carthaginem
980 1127 1103 1199 magna
1116 1108 1182 1200 spi-

105 1225 235 1280 rantem
255 1265 265 1299 ,
287 1209 377 1306 leges
388 1224 514 1280 vestras
529 1212 681 1306 accipere
692 1211 795 1304 jussi:
811 1209 953 1306 proinde
968 1233 1099 1304 aequum
1115 1227 1182 1299 est,

105 1343 167 1387 vos
185 1343 317 1388 mecum
334 1320 382 1388 ire
397 1319 431 1386 in
446 1317 648 1413 Capitolium
667 1304 952 1412 supplicatumb»
972 1317 1182 1412 Speciosissi-

105 1449 196 1493 mam
211 1425 281 1518 ejus
297 1425 416 1494 deinde
428 1449 545 1493 vocem
556 1448 650 1517 aeque
667 1423 776 1493 clarus
791 1437 930 1493 eventus
942 1437 1102 1518 sequutus
1115 1439 1180 1510 est;

105 1532 267 1626 siquidem
287 1547 321 1601 et
341 1547 492 1602 senatum
512 1543 638 1616 totum,
658 1541 692 1599 et
709 1533 903 1600 universum
920 1543 1108 1626 equestrem
1128 1557 1181 1600 or·

104 1639 235 1726 dinem,
257 1653 291 1708 et
309 1653 463 1712 cunctam
483 1635 614 1732 plebem
632 1639 724 1707 Jovis
743 1640 862 1734 optimi
879 1637 1015 1708 maximi
1035 1635 1184 1733 pulvina-

104 1732 173 1813 ria⁵
194 1760 328 1840 petens,
355 1746 511 1814 comitem
533 1744 658 1813 habuit.
680 1746 841 1814 Restabat
862 1759 901 1814 ut
918 1743 1072 1816 tribunus
1091 1745 1181 1840 apud

102 1851 268 1947 populum
300 1855 371 1921 sine
396 1849 522 1946 populo
548 1865 677 1945 ageret,
708 1852 923 1946 desertusque
950 1853 986 1920 in
1006 1849 1080 1920 foro
1104 1877 1181 1921 curn

102 1981 230 2052 magno
255 1957 429 2028 calumniae
461 1981 528 2026 suoe
549 1957 710 2044 ludibrio,
735 1957 824 2028 solus
851 1971 1064 2027 moraretur:
1087 1957 1181 2054 cujus

102 2064 275 2133 devitandi
290 2065 420 2133 ruboris
437 2087 537 2134 causa
552 2065 587 2131 in
601 2064 803 2159 Capitolium
818 2065 1110 2160 processit,deque
1127 2089 1181 2136 ac-

103 2185 261 2238 cusatore
279 2173 442 2264 Scipionis
461 2185 640 2240 venerator
657 2185 708 2240 est
729 2172 846 2241 luctus.

164 2299 196 2345 2.
217 2277 305 2346 Aviti
325 2279 458 2372 spiritus
473 2280 626 2374 egregius
645 2301 817 2348 successor
831 2263 958 2373 Scipio⁶
972 2278 1181 2367 AEmilianus,

101 2407 210 2478 quum
220 2383 336 2453 urbem
348 2383 560 2480 praevalidam
570 2384 749 2474 obsideret,
760 2384 974 2454 suadentibus
982 2385 1180 2480 quibusdam

102 2505 142 2558 ut
161 2491 249 2560 circa
267 2494 390 2561 moenia
404 2493 474 2585 ejus
490 2491 614 2562 ferreos
633 2493 777 2562 murices
795 2505 983 2587 spargeret,
1001 2493 1180 2587 omniaque

102 2597 190 2666 vada
204 2597 325 2667 tabulis
340 2595 520 2704 plumbatis
536 2613 778 2686 consterneret,
794 2599 994 2668 habentibus
1005 2598 1179 2668 clavorum

103 2707 279 2794 acumina,
300 2731 344 2774 ne
369 2706 477 2776 subita
504 2708 678 2800 eruptione
699 2706 812 2775 hostes
834 2707 868 2774 in
891 2705 1042 2800 praesidia
1064 2721 1180 2776 nostra

103 2813 265 2907 impetum
280 2813 390 2882 facere
405 2828 562 2907 possent,
583 2813 769 2908 respoudit,
787 2837 857 2882 non
872 2835 947 2880 esse
960 2811 1128 2904 qimdem,
1146 2828 1180 2881 ec

102 2943 230 3014 capere
247 2922 383 3015 alz'qzws
399 2923 505 3006 uelle,
529 2935 565 2989 et
582 2925 707 2989 timere.

146 3109 619 3182 1.Edendo.Passimsuadendo.Lips.
706 3112 732 3161 6.
740 3103 1179 3180 SdpuAEmtlianusAEaterfinierat

102 3190 219 3262 conjecit
234 3227 243 3255 ,
256 3189 398 3260 legendum
419 3209 474 3242 esse
489 3209 514 3242 se
529 3191 618 3243 dando.
664 3187 811 3242 secundum
822 3189 951 3260 punicum
966 3187 1082 3241 bellum:
1094 3190 1179 3240 AErni·

101 3268 156 3322 Sed
172 3287 229 3321 non
248 3282 303 3334 est,
322 3269 395 3342 quod
416 3271 495 3323 lectio
513 3271 619 3342 vulgata
663 3270 766 3334 liunus,
787 3270 843 3340 ejus
862 3269 933 3321 filius
954 3265 1116 3339 adoptivus,
1131 3265 1178 3320 de-

101 3348 272 3403 sollicitetur.
662 3349 728 3402 levit
756 3348 953 3420 Carthaginem.
981 3348 1035 3414 Qui
1066 3347 1177 3420 adopta·

146 3449 175 3481 a.
197 3427 235 3479 M.
252 3429 359 3482 Navius.
377 3429 529 3502 Scipionem
544 3448 619 3482 accu-
662 3430 745 3494 bant,
770 3448 883 3494 eorum,
905 3447 972 3500 quos
999 3427 1177 3499 adoptabant,

102 3510 186 3573 savit,
203 3506 277 3578 quod
290 3525 304 3560 a
318 3527 380 3578 rege
395 3507 548 3577 Antiocho,
564 3527 618 3581 qno
662 3512 702 3562 avi
708 3530 718 3571 ;
729 3509 775 3581 qui
790 3507 872 3580 igitur
887 3507 1099 3581 adoptabantur,
1113 3509 1177 3560 isto·

102 3589 271 3642 facilioribus
284 3587 483 3642 conditiouibus
492 3609 544 3662 pax
557 3609 619 3643 curn
662 3607 723 3642 rum
733 3602 828 3660 nepotes
834 3589 999 3642 dicebantur.
1007 3589 1067 3641 Liv.
1075 3579 1176 3654 XLIV,

102 3689 136 3721 eo
158 3670 252 3734 fieret,
268 3669 362 3740 populi
384 3670 489 3722 romani
510 3671 619 3723 nomine
664 3677 710 3734 44.
725 3669 776 3722 dn.
793 3671 829 3723 U.
846 3674 913 3738 629.
927 3701 966 3712 —
985 3668 1072 3721 Urbem
1082 3689 1178 3740 preva-

102 3749 246 3820 pecuniam
259 3748 408 3821 accepisset.
663 3751 747 3804 ladam.
760 3751 942 3802 Intercalatiam
957 3747 1108 3820 Hispaniae,
1119 3751 1176 3814 rel,

145 3831 173 3883 3.
196 3828 342 3901 Spiritalem.
360 3829 404 3882 Sic
416 3847 465 3901 pro
485 3844 617 3902 sperantem
662 3843 693 3883 ut
704 3830 749 3883 alii
758 3831 873 3896 malunt,
884 3830 1178 3883 Numantiam-Mu-

103 3911 203 3962 rectius
218 3910 308 3981 posuit
322 3907 440 3964 Modius.
663 3915 737 3972 tices,
753 3908 858 3980 epibatas
871 3948 880 3976 ‚
894 3909 985 3962 ferree
999 3921 1061 3962 sunt
1076 3910 1177 3962 machi·

146 3997 172 4052 d.
196 3989 368 4061 Supplicatum.
390 3989 433 4042 nd
452 3991 548 4062 gratias
567 3987 619 4044 diis
663 3991 751 4050 nula,
769 4007 845 4061 qua,
865 3991 893 4042 in
910 4007 1095 4061 quamcunque
1114 4008 1176 4062 par·
1227 3977 1234 3989 ¹

103 4069 226 4139 agendas.
663 4083 718 4124 tem
733 4069 843 4136 cadant,
856 4071 977 4123 acumina
994 4067 1175 4141 protendunt;

147 4150 174 4203 5.
195 4151 345 4204 Pulviuan’a.
371 4151 429 4204 Hoc
454 4151 514 4206 loco
530 4154 618 4206 sorsau
663 4149 872 4222 dictaita‚quod
884 4151 1176 4222 murices‚genuscon-

104 4250 154 4300 pro
169 4230 227 4301 ipso
243 4233 343 4304 templo
358 4231 453 4304 posita.
663 4231 826 4302 chyliorum‚
838 4232 922 4284 sonita
936 4233 1067 4298 reserant,
1077 4232 1176 4302 quippe
