<?xml version="1.0" encoding="UTF-8"?>
<!DOCTYPE html PUBLIC "-//W3C//DTD XHTML 1.0 Transitional//EN"
    "http://www.w3.org/TR/xhtml1/DTD/xhtml1-transitional.dtd">
<html xmlns="http://www.w3.org/1999/xhtml" xml:lang="en" lang="en">
 <head>
  <title>
</title>
<meta http-equiv="Content-Type" content="text/html;charset=utf-8" />
  <meta name='ocr-system' content='tesseract 3.04.00' />
  <meta name='ocr-capabilities' content='ocr_page ocr_carea ocr_par ocr_line ocrx_word'/>
</head>
<body>
  <div class='ocr_page' id='page_1' title='image "./valeriusmaximus01lykogoog_0395.png"; bbox 0 0 3190 5122; ppageno 0'>
   <div class='ocr_carea' id='block_1_1' title="bbox 402 493 1253 600">
    <p class='ocr_par' dir='ltr' id='par_1_1' title="bbox 402 493 1253 600">
     <span class='ocr_line' id='line_1_1' title="bbox 402 493 1253 600; baseline -0.007 -24"><span class='ocrx_word' id='word_1_1' title='bbox 402 493 475 600; x_wconf 75' lang='grc' dir='ltr'>37ὀ</span> <span class='ocrx_word' id='word_1_2' title='bbox 595 503 821 574; x_wconf 72' lang='lat' dir='ltr'><strong>VALERII</strong></span> <span class='ocrx_word' id='word_1_3' title='bbox 850 501 1059 570; x_wconf 83' lang='grc' dir='ltr'><strong>ΜΑΧΙΜΙ</strong></span> <span class='ocrx_word' id='word_1_4' title='bbox 1088 503 1184 575; x_wconf 90' lang='lat' dir='ltr'><strong>LIB.</strong></span> <span class='ocrx_word' id='word_1_5' title='bbox 1212 505 1253 572; x_wconf 86' lang='lat' dir='ltr'>V.</span> 
     </span>
    </p>
   </div>
   <div class='ocr_carea' id='block_1_2' title="bbox 395 633 1458 1999">
    <p class='ocr_par' dir='ltr' id='par_1_2' title="bbox 395 633 1458 1999">
     <span class='ocr_line' id='line_1_2' title="bbox 396 633 1452 730; baseline -0.002 -21"><span class='ocrx_word' id='word_1_6' title='bbox 396 665 464 709; x_wconf 91' lang='lat' dir='ltr'>non</span> <span class='ocrx_word' id='word_1_7' title='bbox 489 637 633 706; x_wconf 80' lang='lat' dir='ltr'>debitam</span> <span class='ocrx_word' id='word_1_8' title='bbox 654 635 714 706; x_wconf 91' lang='lat' dir='ltr'>sibi</span> <span class='ocrx_word' id='word_1_9' title='bbox 734 633 989 704; x_wconf 80' lang='lat' dir='ltr'>misericordiam</span> <span class='ocrx_word' id='word_1_10' title='bbox 1009 633 1183 730; x_wconf 78' lang='lat' dir='ltr'>perfugere</span> <span class='ocrx_word' id='word_1_11' title='bbox 1201 660 1333 706; x_wconf 88' lang='lat' dir='ltr'>necesse</span> <span class='ocrx_word' id='word_1_12' title='bbox 1354 637 1452 708; x_wconf 83' lang='lat' dir='ltr'>habe·</span> 
     </span>
     <span class='ocr_line' id='line_1_3' title="bbox 397 739 1452 838; baseline -0.002 -24"><span class='ocrx_word' id='word_1_13' title='bbox 397 759 457 815; x_wconf 89' lang='lat' dir='ltr'>ret.</span> <span class='ocrx_word' id='word_1_14' title='bbox 474 741 636 814; x_wconf 87' lang='lat' dir='ltr'>Phocion¹</span> <span class='ocrx_word' id='word_1_15' title='bbox 659 767 739 810; x_wconf 85' lang='lat' dir='ltr'>vero</span> <span class='ocrx_word' id='word_1_16' title='bbox 754 741 804 810; x_wconf 85' lang='lat' dir='ltr'>his</span> <span class='ocrx_word' id='word_1_17' title='bbox 822 739 968 830; x_wconf 87' lang='lat' dir='ltr'>dotibus,</span> <span class='ocrx_word' id='word_1_18' title='bbox 989 764 1063 834; x_wconf 80' lang='lat' dir='ltr'>quoe</span> <span class='ocrx_word' id='word_1_19' title='bbox 1080 741 1123 813; x_wconf 81' lang='lat' dir='ltr'>nd</span> <span class='ocrx_word' id='word_1_20' title='bbox 1140 741 1335 838; x_wconf 77' lang='lat' dir='ltr'>pariendum</span> <span class='ocrx_word' id='word_1_21' title='bbox 1349 743 1452 813; x_wconf 90' lang='lat' dir='ltr'>homi·</span> 
     </span>
     <span class='ocr_line' id='line_1_4' title="bbox 398 835 1454 944; baseline -0.002 -24"><span class='ocrx_word' id='word_1_22' title='bbox 398 848 493 920; x_wconf 86' lang='lat' dir='ltr'>nem¹</span> <span class='ocrx_word' id='word_1_23' title='bbox 513 850 745 944; x_wconf 70' lang='lat' dir='ltr'>potentissime</span> <span class='ocrx_word' id='word_1_24' title='bbox 761 846 966 940; x_wconf 87' lang='lat' dir='ltr'>judicantur,</span> <span class='ocrx_word' id='word_1_25' title='bbox 987 845 1161 919; x_wconf 80' lang='lat' dir='ltr'>clementie</span> <span class='ocrx_word' id='word_1_26' title='bbox 1187 835 1240 918; x_wconf 82' lang='lat' dir='ltr'>et³</span> <span class='ocrx_word' id='word_1_27' title='bbox 1262 847 1454 920; x_wconf 79' lang='lat' dir='ltr'>liberalitate</span> 
     </span>
     <span class='ocr_line' id='line_1_5' title="bbox 397 951 1453 1040; baseline -0.003 -12"><span class='ocrx_word' id='word_1_28' title='bbox 397 957 685 1040; x_wconf 82' lang='lat' dir='ltr'>instructissimus,</span> <span class='ocrx_word' id='word_1_29' title='bbox 706 967 835 1024; x_wconf 81' lang='lat' dir='ltr'>tuntum</span> <span class='ocrx_word' id='word_1_30' title='bbox 855 952 978 1022; x_wconf 91' lang='lat' dir='ltr'>nonin</span> <span class='ocrx_word' id='word_1_31' title='bbox 1002 951 1117 1022; x_wconf 84' lang='lat' dir='ltr'>eculeo</span> <span class='ocrx_word' id='word_1_32' title='bbox 1140 953 1182 1022; x_wconf 78' lang='lat' dir='ltr'>ab</span> <span class='ocrx_word' id='word_1_33' title='bbox 1204 955 1453 1027; x_wconf 76' lang='lat' dir='ltr'>Atheniensibus</span> 
     </span>
     <span class='ocr_line' id='line_1_6' title="bbox 397 1057 1452 1157; baseline 0 -27"><span class='ocrx_word' id='word_1_34' title='bbox 397 1063 569 1157; x_wconf 84' lang='lat' dir='ltr'>impositus</span> <span class='ocrx_word' id='word_1_35' title='bbox 591 1074 640 1132; x_wconf 89' lang='lat' dir='ltr'>est</span> <span class='ocrx_word' id='word_1_36' title='bbox 661 1086 672 1148; x_wconf 79' lang='lat'><em>3</em></span> <span class='ocrx_word' id='word_1_37' title='bbox 693 1059 750 1128; x_wconf 87' lang='lat' dir='ltr'>sed</span> <span class='ocrx_word' id='word_1_38' title='bbox 769 1073 858 1133; x_wconf 88' lang='lat' dir='ltr'>certe</span> <span class='ocrx_word' id='word_1_39' title='bbox 879 1071 955 1152; x_wconf 87' lang='lat' dir='ltr'>post</span> <span class='ocrx_word' id='word_1_40' title='bbox 977 1057 1103 1128; x_wconf 90' lang='lat' dir='ltr'>obitum</span> <span class='ocrx_word' id='word_1_41' title='bbox 1124 1057 1247 1133; x_wconf 84' lang='lat' dir='ltr'>nullum</span> <span class='ocrx_word' id='word_1_42' title='bbox 1268 1062 1382 1134; x_wconf 76' lang='lat' dir='ltr'>Attice</span> <span class='ocrx_word' id='word_1_43' title='bbox 1401 1085 1452 1130; x_wconf 91' lang='lat' dir='ltr'>re-</span> 
     </span>
     <span class='ocr_line' id='line_1_7' title="bbox 398 1163 1452 1264; baseline -0.003 -26"><span class='ocrx_word' id='word_1_44' title='bbox 398 1170 521 1264; x_wconf 89' lang='lat' dir='ltr'>gionis,</span> <span class='ocrx_word' id='word_1_45' title='bbox 552 1189 625 1260; x_wconf 83' lang='lat' dir='ltr'>quae</span> <span class='ocrx_word' id='word_1_46' title='bbox 651 1165 777 1234; x_wconf 90' lang='lat' dir='ltr'>ossibus</span> <span class='ocrx_word' id='word_1_47' title='bbox 801 1165 870 1258; x_wconf 85' lang='lat' dir='ltr'>ejus</span> <span class='ocrx_word' id='word_1_48' title='bbox 893 1163 1097 1257; x_wconf 86' lang='lat' dir='ltr'>injiceretur,</span> <span class='ocrx_word' id='word_1_49' title='bbox 1119 1163 1282 1260; x_wconf 82' lang='lat' dir='ltr'>glebulam</span> <span class='ocrx_word' id='word_1_50' title='bbox 1309 1168 1452 1252; x_wconf 82' lang='lat' dir='ltr'>invenit;</span> 
     </span>
     <span class='ocr_line' id='line_1_8' title="bbox 395 1270 1458 1368; baseline -0.003 -24"><span class='ocrx_word' id='word_1_51' title='bbox 395 1275 504 1368; x_wconf 84' lang='lat' dir='ltr'>jussus</span> <span class='ocrx_word' id='word_1_52' title='bbox 519 1286 611 1344; x_wconf 81' lang='lat' dir='ltr'>extre</span> <span class='ocrx_word' id='word_1_53' title='bbox 629 1271 709 1342; x_wconf 87' lang='lat' dir='ltr'>fines</span> <span class='ocrx_word' id='word_1_54' title='bbox 724 1271 855 1366; x_wconf 83' lang='lat' dir='ltr'>projici,</span> <span class='ocrx_word' id='word_1_55' title='bbox 871 1270 956 1340; x_wconf 85' lang='lat' dir='ltr'>intre</span> <span class='ocrx_word' id='word_1_56' title='bbox 971 1295 1054 1364; x_wconf 86' lang='lat' dir='ltr'>quos</span> <span class='ocrx_word' id='word_1_57' title='bbox 1067 1273 1212 1366; x_wconf 89' lang='lat' dir='ltr'>optimus</span> <span class='ocrx_word' id='word_1_58' title='bbox 1225 1275 1307 1343; x_wconf 88' lang='lat' dir='ltr'>civis</span> <span class='ocrx_word' id='word_1_59' title='bbox 1322 1274 1458 1342; x_wconf 82' lang='lat' dir='ltr'>vixerat·</span> 
     </span>
     <span class='ocr_line' id='line_1_9' title="bbox 398 1365 1454 1478; baseline -0.003 -29"><span class='ocrx_word' id='word_1_60' title='bbox 398 1379 489 1468; x_wconf 86' lang='lat' dir='ltr'>Quid</span> <span class='ocrx_word' id='word_1_61' title='bbox 503 1365 613 1448; x_wconf 80' lang='lat' dir='ltr'>ubest⁴</span> <span class='ocrx_word' id='word_1_62' title='bbox 628 1379 743 1472; x_wconf 89' lang='lat' dir='ltr'>igitur,</span> <span class='ocrx_word' id='word_1_63' title='bbox 757 1378 836 1470; x_wconf 89' lang='lat' dir='ltr'>quin</span> <span class='ocrx_word' id='word_1_64' title='bbox 852 1373 986 1470; x_wconf 84' lang='lat' dir='ltr'>publice</span> <span class='ocrx_word' id='word_1_65' title='bbox 998 1376 1162 1478; x_wconf 82' lang='lat' dir='ltr'>dementia</span> <span class='ocrx_word' id='word_1_66' title='bbox 1176 1379 1217 1447; x_wconf 91' lang='lat' dir='ltr'>sit</span> <span class='ocrx_word' id='word_1_67' title='bbox 1227 1377 1454 1466; x_wconf 82' lang='lat' dir='ltr'>existimanda,</span> 
     </span>
     <span class='ocr_line' id='line_1_10' title="bbox 397 1483 1454 1578; baseline -0.004 -22"><span class='ocrx_word' id='word_1_68' title='bbox 397 1510 527 1556; x_wconf 87' lang='lat' dir='ltr'>summo</span> <span class='ocrx_word' id='word_1_69' title='bbox 548 1507 710 1554; x_wconf 85' lang='lat' dir='ltr'>consensu</span> <span class='ocrx_word' id='word_1_70' title='bbox 731 1483 888 1552; x_wconf 81' lang='lat' dir='ltr'>maximas</span> <span class='ocrx_word' id='word_1_71' title='bbox 908 1483 1060 1572; x_wconf 85' lang='lat' dir='ltr'>virtutes,</span> <span class='ocrx_word' id='word_1_72' title='bbox 1082 1484 1174 1577; x_wconf 84' lang='lat' dir='ltr'>quusi</span> <span class='ocrx_word' id='word_1_73' title='bbox 1191 1485 1382 1578; x_wconf 81' lang='lat' dir='ltr'>gravissima</span> <span class='ocrx_word' id='word_1_74' title='bbox 1401 1483 1454 1554; x_wconf 90' lang='lat' dir='ltr'>de·</span> 
     </span>
     <span class='ocr_line' id='line_1_11' title="bbox 397 1587 1455 1685; baseline -0.003 -24"><span class='ocrx_word' id='word_1_75' title='bbox 397 1591 491 1678; x_wconf 76' lang='lat' dir='ltr'>hen,</span> <span class='ocrx_word' id='word_1_76' title='bbox 504 1591 636 1685; x_wconf 87' lang='lat' dir='ltr'>punire,</span> <span class='ocrx_word' id='word_1_77' title='bbox 651 1587 873 1682; x_wconf 82' lang='lat' dir='ltr'>beneficiaque</span> <span class='ocrx_word' id='word_1_78' title='bbox 885 1587 1010 1682; x_wconf 87' lang='lat' dir='ltr'>injuriis</span> <span class='ocrx_word' id='word_1_79' title='bbox 1024 1588 1226 1683; x_wconf 83' lang='lat' dir='ltr'>rependere?</span> <span class='ocrx_word' id='word_1_80' title='bbox 1241 1589 1342 1680; x_wconf 89' lang='lat' dir='ltr'>Quod</span> <span class='ocrx_word' id='word_1_81' title='bbox 1354 1613 1455 1682; x_wconf 91' lang='lat' dir='ltr'>quum</span> 
     </span>
     <span class='ocr_line' id='line_1_12' title="bbox 396 1693 1454 1790; baseline -0.002 -24"><span class='ocrx_word' id='word_1_82' title='bbox 396 1698 536 1790; x_wconf 89' lang='lat' dir='ltr'>ubique,</span> <span class='ocrx_word' id='word_1_83' title='bbox 555 1711 626 1769; x_wconf 83' lang='lat' dir='ltr'>turn</span> <span class='ocrx_word' id='word_1_84' title='bbox 648 1695 814 1787; x_wconf 72' lang='lat' dir='ltr'>praecipue&#39;</span> <span class='ocrx_word' id='word_1_85' title='bbox 833 1693 970 1762; x_wconf 83' lang='lat' dir='ltr'>Athenis</span> <span class='ocrx_word' id='word_1_86' title='bbox 991 1693 1195 1766; x_wconf 79' lang='lat' dir='ltr'>intolerabile</span> <span class='ocrx_word' id='word_1_87' title='bbox 1213 1695 1319 1764; x_wconf 85' lang='lat' dir='ltr'>videri</span> <span class='ocrx_word' id='word_1_88' title='bbox 1335 1694 1454 1782; x_wconf 82' lang='lat' dir='ltr'>debet3</span> 
     </span>
     <span class='ocr_line' id='line_1_13' title="bbox 397 1786 1456 1896; baseline -0.006 -22"><span class='ocrx_word' id='word_1_89' title='bbox 397 1805 432 1874; x_wconf 89' lang='lat' dir='ltr'>in</span> <span class='ocrx_word' id='word_1_90' title='bbox 454 1827 518 1896; x_wconf 91' lang='lat' dir='ltr'>quu</span> <span class='ocrx_word' id='word_1_91' title='bbox 546 1799 628 1870; x_wconf 89' lang='lat' dir='ltr'>urbe</span> <span class='ocrx_word' id='word_1_92' title='bbox 651 1797 808 1868; x_wconf 85' lang='lat' dir='ltr'>adversus</span> <span class='ocrx_word' id='word_1_93' title='bbox 835 1800 980 1890; x_wconf 87' lang='lat' dir='ltr'>ingratos</span> <span class='ocrx_word' id='word_1_94' title='bbox 1002 1802 1088 1870; x_wconf 84' lang='lat' dir='ltr'>ectio</span> <span class='ocrx_word' id='word_1_95' title='bbox 1112 1802 1291 1872; x_wconf 83' lang='lat' dir='ltr'>constituta</span> <span class='ocrx_word' id='word_1_96' title='bbox 1311 1786 1399 1887; x_wconf 82' lang='lat' dir='ltr'>est⁵;</span> <span class='ocrx_word' id='word_1_97' title='bbox 1424 1813 1456 1868; x_wconf 90' lang='lat' dir='ltr'>et</span> 
     </span>
     <span class='ocr_line' id='line_1_14' title="bbox 397 1903 1454 1999; baseline -0.002 -23"><span class='ocrx_word' id='word_1_98' title='bbox 397 1922 515 1994; x_wconf 86' lang='lat' dir='ltr'>recte,</span> <span class='ocrx_word' id='word_1_99' title='bbox 539 1907 616 1999; x_wconf 84' lang='lat' dir='ltr'>quia</span> <span class='ocrx_word' id='word_1_100' title='bbox 643 1903 742 1984; x_wconf 83' lang='lat' dir='ltr'>dandi</span> <span class='ocrx_word' id='word_1_101' title='bbox 768 1917 802 1972; x_wconf 83' lang='lat' dir='ltr'>ut</span> <span class='ocrx_word' id='word_1_102' title='bbox 828 1903 1007 1996; x_wconf 80' lang='lat' dir='ltr'>accipiendi</span> <span class='ocrx_word' id='word_1_103' title='bbox 1035 1905 1186 1979; x_wconf 88' lang='lat' dir='ltr'>beneficii</span> <span class='ocrx_word' id='word_1_104' title='bbox 1206 1907 1454 1992; x_wconf 77' lang='lat' dir='ltr'>commercium,</span> 
     </span>
    </p>
   </div>
   <div class='ocr_carea' id='block_1_3' title="bbox 274 1995 1456 2106">
    <p class='ocr_par' dir='ltr' id='par_1_3' title="bbox 274 1995 1456 2106">
     <span class='ocr_line' id='line_1_15' title="bbox 274 1995 1456 2106; baseline 0.003 -27"><span class='ocrx_word' id='word_1_105' title='bbox 274 2023 277 2030; x_wconf 83' lang='grc'>’</span> <span class='ocrx_word' id='word_1_106' title='bbox 397 2015 466 2083; x_wconf 86' lang='lat' dir='ltr'>sine</span> <span class='ocrx_word' id='word_1_107' title='bbox 486 2037 552 2106; x_wconf 88' lang='lat' dir='ltr'>quo</span> <span class='ocrx_word' id='word_1_108' title='bbox 572 2012 627 2078; x_wconf 82' lang='lat' dir='ltr'>vix</span> <span class='ocrx_word' id='word_1_109' title='bbox 644 2012 710 2078; x_wconf 86' lang='lat' dir='ltr'>vita</span> <span class='ocrx_word' id='word_1_110' title='bbox 724 2009 896 2081; x_wconf 86' lang='lat' dir='ltr'>hominum</span> <span class='ocrx_word' id='word_1_111' title='bbox 911 2023 1057 2096; x_wconf 79' lang='lat' dir='ltr'>constet,</span> <span class='ocrx_word' id='word_1_112' title='bbox 1075 2009 1183 2104; x_wconf 88' lang='lat' dir='ltr'>perdit</span> <span class='ocrx_word' id='word_1_113' title='bbox 1194 2025 1228 2082; x_wconf 89' lang='lat' dir='ltr'>et</span> <span class='ocrx_word' id='word_1_114' title='bbox 1245 1995 1360 2098; x_wconf 80' lang='lat' dir='ltr'>tollit⁶,</span> <span class='ocrx_word' id='word_1_115' title='bbox 1376 2013 1456 2105; x_wconf 71' lang='lat' dir='ltr'>quis</span> 
     </span>
    </p>
   </div>
   <div class='ocr_carea' id='block_1_4' title="bbox 397 2113 1456 2319">
    <p class='ocr_par' dir='ltr' id='par_1_4' title="bbox 397 2113 1456 2319">
     <span class='ocr_line' id='line_1_16' title="bbox 397 2113 1455 2214; baseline -0.002 -26"><span class='ocrx_word' id='word_1_116' title='bbox 397 2121 470 2214; x_wconf 85' lang='lat' dir='ltr'>quis</span> <span class='ocrx_word' id='word_1_117' title='bbox 483 2118 566 2186; x_wconf 90' lang='lat' dir='ltr'>bene</span> <span class='ocrx_word' id='word_1_118' title='bbox 582 2117 699 2186; x_wconf 87' lang='lat' dir='ltr'>merito</span> <span class='ocrx_word' id='word_1_119' title='bbox 711 2139 824 2210; x_wconf 77' lang='lat' dir='ltr'>parem</span> <span class='ocrx_word' id='word_1_120' title='bbox 837 2113 959 2182; x_wconf 78' lang='lat' dir='ltr'>referre</span> <span class='ocrx_word' id='word_1_121' title='bbox 973 2117 1112 2208; x_wconf 76' lang='lat' dir='ltr'>gratiam</span> <span class='ocrx_word' id='word_1_122' title='bbox 1126 2115 1262 2212; x_wconf 84' lang='lat' dir='ltr'>negligit</span> <span class='ocrx_word' id='word_1_123' title='bbox 1276 2143 1283 2186; x_wconf 91' lang='lat'><strong>:</strong></span> <span class='ocrx_word' id='word_1_124' title='bbox 1300 2132 1455 2211; x_wconf 57' lang='lat' dir='ltr'>menum</span> 
     </span>
     <span class='ocr_line' id='line_1_17' title="bbox 398 2221 1456 2319; baseline -0.002 -25"><span class='ocrx_word' id='word_1_125' title='bbox 398 2249 477 2319; x_wconf 88' lang='lat' dir='ltr'>ergo</span> <span class='ocrx_word' id='word_1_126' title='bbox 489 2223 775 2317; x_wconf 87' lang='lat' dir='ltr'>reprehensionem</span> <span class='ocrx_word' id='word_1_127' title='bbox 785 2233 967 2302; x_wconf 85' lang='lat' dir='ltr'>merentur,</span> <span class='ocrx_word' id='word_1_128' title='bbox 979 2221 1035 2314; x_wconf 92' lang='lat' dir='ltr'>qui</span> <span class='ocrx_word' id='word_1_129' title='bbox 1046 2247 1148 2314; x_wconf 89' lang='lat' dir='ltr'>quum</span> <span class='ocrx_word' id='word_1_130' title='bbox 1159 2223 1359 2316; x_wconf 73' lang='lat' dir='ltr'>requissima⁷</span> <span class='ocrx_word' id='word_1_131' title='bbox 1367 2224 1456 2317; x_wconf 79' lang='lat' dir='ltr'>jure,</span> 
     </span>
    </p>
   </div>
   <div class='ocr_carea' id='block_1_5' title="bbox 396 2420 1457 4240">
    <p class='ocr_par' dir='ltr' id='par_1_5' title="bbox 396 2420 1457 4080">
     <span class='ocr_line' id='line_1_18' title="bbox 442 2420 1457 2492; baseline 0 -16"><span class='ocrx_word' id='word_1_132' title='bbox 442 2420 657 2480; x_wconf 79' lang='lat' dir='ltr'>1.Plrnct&#39;0n.Vid.</span> <span class='ocrx_word' id='word_1_133' title='bbox 666 2422 907 2492; x_wconf 80' lang='lat' dir='ltr'>sup.111,8,ext.r.</span> <span class='ocrx_word' id='word_1_134' title='bbox 950 2423 1102 2492; x_wconf 81' lang='lat' dir='ltr'>integritate,</span> <span class='ocrx_word' id='word_1_135' title='bbox 1123 2439 1185 2475; x_wconf 83' lang='lat' dir='ltr'>treus</span> <span class='ocrx_word' id='word_1_136' title='bbox 1206 2423 1322 2488; x_wconf 69' lang='lat' dir='ltr'>ratione,</span> <span class='ocrx_word' id='word_1_137' title='bbox 1345 2423 1457 2478; x_wconf 84' lang='lat' dir='ltr'>Pboeio·</span> 
     </span>
     <span class='ocr_line' id='line_1_19' title="bbox 396 2493 1456 2574; baseline 0.002 -18"><span class='ocrx_word' id='word_1_138' title='bbox 396 2493 402 2504; x_wconf 68' lang='grc'><strong>’</strong></span> <span class='ocrx_word' id='word_1_139' title='bbox 442 2524 468 2557; x_wconf 79' lang='lat' dir='ltr'>e.</span> <span class='ocrx_word' id='word_1_140' title='bbox 489 2503 534 2555; x_wconf 81' lang='lat' dir='ltr'>Ad</span> <span class='ocrx_word' id='word_1_141' title='bbox 547 2501 687 2572; x_wconf 82' lang='lat' dir='ltr'>pariendum</span> <span class='ocrx_word' id='word_1_142' title='bbox 709 2501 831 2552; x_wconf 80' lang='lat' dir='ltr'>bominem.</span> <span class='ocrx_word' id='word_1_143' title='bbox 851 2499 907 2552; x_wconf 88' lang='lat' dir='ltr'>Du·</span> <span class='ocrx_word' id='word_1_144' title='bbox 950 2517 1013 2554; x_wconf 85' lang='lat' dir='ltr'>nem</span> <span class='ocrx_word' id='word_1_145' title='bbox 1035 2501 1154 2554; x_wconf 80' lang='lat' dir='ltr'>libemlern</span> <span class='ocrx_word' id='word_1_146' title='bbox 1172 2519 1226 2554; x_wconf 87' lang='lat' dir='ltr'>esse</span> <span class='ocrx_word' id='word_1_147' title='bbox 1248 2521 1306 2555; x_wconf 79' lang='lat' dir='ltr'>note</span> <span class='ocrx_word' id='word_1_148' title='bbox 1326 2504 1456 2574; x_wconf 85' lang='lat' dir='ltr'>potuisse,</span> 
     </span>
     <span class='ocr_line' id='line_1_20' title="bbox 400 2577 1456 2654; baseline 0.002 -20"><span class='ocrx_word' id='word_1_149' title='bbox 400 2581 514 2638; x_wconf 79' lang='lat' dir='ltr'>riuscule</span> <span class='ocrx_word' id='word_1_150' title='bbox 531 2591 621 2634; x_wconf 76' lang='lat' dir='ltr'>ructor</span> <span class='ocrx_word' id='word_1_151' title='bbox 636 2577 723 2632; x_wconf 82' lang='lat' dir='ltr'>dixit:</span> <span class='ocrx_word' id='word_1_152' title='bbox 735 2597 821 2650; x_wconf 83' lang='lat' dir='ltr'>parere</span> <span class='ocrx_word' id='word_1_153' title='bbox 832 2579 907 2632; x_wconf 74' lang='lat' dir='ltr'>laoni-</span> <span class='ocrx_word' id='word_1_154' title='bbox 951 2598 1033 2654; x_wconf 78' lang='lat' dir='ltr'>quum</span> <span class='ocrx_word' id='word_1_155' title='bbox 1043 2586 1207 2652; x_wconf 66' lang='lat' dir='ltr'>perpetremus</span> <span class='ocrx_word' id='word_1_156' title='bbox 1223 2582 1313 2636; x_wconf 73' lang='lat' dir='ltr'>uerit.</span> <span class='ocrx_word' id='word_1_157' title='bbox 1326 2581 1378 2635; x_wconf 79' lang='lat' dir='ltr'>Sed</span> <span class='ocrx_word' id='word_1_158' title='bbox 1392 2584 1456 2636; x_wconf 88' lang='lat' dir='ltr'>scri·</span> 
     </span>
     <span class='ocr_line' id='line_1_21' title="bbox 402 2658 1454 2731; baseline 0 -17"><span class='ocrx_word' id='word_1_159' title='bbox 402 2681 467 2724; x_wconf 81' lang='lat' dir='ltr'>nens,</span> <span class='ocrx_word' id='word_1_160' title='bbox 492 2679 542 2731; x_wconf 90' lang='lat' dir='ltr'>pro</span> <span class='ocrx_word' id='word_1_161' title='bbox 563 2676 570 2711; x_wconf 75' lang='grc' dir='ltr'><strong><em>ι</em></strong></span> <span class='ocrx_word' id='word_1_162' title='bbox 595 2661 711 2710; x_wconf 73' lang='lat' dir='ltr'>tonum</span> <span class='ocrx_word' id='word_1_163' title='bbox 733 2661 838 2728; x_wconf 75' lang='lat' dir='ltr'>gratim</span> <span class='ocrx_word' id='word_1_164' title='bbox 864 2658 910 2710; x_wconf 81' lang='lat' dir='ltr'>sibi</span> <span class='ocrx_word' id='word_1_165' title='bbox 950 2671 1039 2730; x_wconf 85' lang='lat' dir='ltr'>ptores</span> <span class='ocrx_word' id='word_1_166' title='bbox 1049 2673 1148 2714; x_wconf 80' lang='lat' dir='ltr'>veteres</span> <span class='ocrx_word' id='word_1_167' title='bbox 1161 2659 1413 2714; x_wconf 78' lang='lat' dir='ltr'>leudenthocicuis</span> <span class='ocrx_word' id='word_1_168' title='bbox 1421 2662 1454 2714; x_wconf 89' lang='lat' dir='ltr'>li·</span> 
     </span>
     <span class='ocr_line' id='line_1_22' title="bbox 401 2737 1453 2816; baseline 0 -22"><span class='ocrx_word' id='word_1_169' title='bbox 401 2741 536 2794; x_wconf 77' lang='lat' dir='ltr'>conciliare.</span> <span class='ocrx_word' id='word_1_170' title='bbox 563 2737 670 2816; x_wconf 74' lang='lat' dir='ltr'>Pighius</span> <span class='ocrx_word' id='word_1_171' title='bbox 701 2756 733 2790; x_wconf 83' lang='lat' dir='ltr'>ex</span> <span class='ocrx_word' id='word_1_172' title='bbox 759 2740 909 2810; x_wconf 79' lang='lat' dir='ltr'>conjecturs</span> <span class='ocrx_word' id='word_1_173' title='bbox 951 2737 1134 2793; x_wconf 75' lang='lat' dir='ltr'>beralitatem:</span> <span class='ocrx_word' id='word_1_174' title='bbox 1151 2759 1180 2792; x_wconf 81' lang='lat' dir='ltr'>rc</span> <span class='ocrx_word' id='word_1_175' title='bbox 1195 2742 1283 2797; x_wconf 74' lang='lat' dir='ltr'>sorren</span> <span class='ocrx_word' id='word_1_176' title='bbox 1298 2742 1330 2798; x_wconf 82' lang='lat' dir='ltr'>ub</span> <span class='ocrx_word' id='word_1_177' title='bbox 1343 2740 1453 2794; x_wconf 74' lang='lat' dir='ltr'>nimium</span> 
     </span>
     <span class='ocr_line' id='line_1_23' title="bbox 402 2815 1451 2894; baseline -0.002 -20"><span class='ocrx_word' id='word_1_178' title='bbox 402 2819 522 2894; x_wconf 82' lang='lat' dir='ltr'>scripsit:</span> <span class='ocrx_word' id='word_1_179' title='bbox 537 2818 572 2870; x_wconf 81' lang='lat' dir='ltr'>ad</span> <span class='ocrx_word' id='word_1_180' title='bbox 585 2817 720 2889; x_wconf 78' lang='lat' dir='ltr'>pacandum</span> <span class='ocrx_word' id='word_1_181' title='bbox 734 2817 864 2880; x_wconf 66' lang='lat' dir='ltr'>hommem</span> <span class='ocrx_word' id='word_1_182' title='bbox 880 2815 908 2870; x_wconf 86' lang='lat' dir='ltr'>id</span> <span class='ocrx_word' id='word_1_183' title='bbox 951 2817 1133 2872; x_wconf 69' lang='lat' dir='ltr'>liberalitatem</span> <span class='ocrx_word' id='word_1_184' title='bbox 1148 2819 1177 2872; x_wconf 89' lang='lat' dir='ltr'>in</span> <span class='ocrx_word' id='word_1_185' title='bbox 1195 2831 1369 2892; x_wconf 72' lang='lat' dir='ltr'>penpmtstenr</span> <span class='ocrx_word' id='word_1_186' title='bbox 1383 2820 1451 2872; x_wconf 82' lang='lat' dir='ltr'>inci·</span> 
     </span>
     <span class='ocr_line' id='line_1_24' title="bbox 402 2894 1452 2972; baseline -0.001 -20"><span class='ocrx_word' id='word_1_187' title='bbox 402 2898 475 2972; x_wconf 89' lang='lat' dir='ltr'>quod</span> <span class='ocrx_word' id='word_1_188' title='bbox 489 2897 611 2970; x_wconf 83' lang='lat' dir='ltr'>plurimis</span> <span class='ocrx_word' id='word_1_189' title='bbox 626 2895 786 2962; x_wconf 82' lang='lat' dir='ltr'>editoribus,</span> <span class='ocrx_word' id='word_1_190' title='bbox 807 2897 909 2970; x_wconf 84' lang='lat' dir='ltr'>ipsique</span> <span class='ocrx_word' id='word_1_191' title='bbox 951 2894 1001 2952; x_wconf 88' lang='lat' dir='ltr'>dit.</span> <span class='ocrx_word' id='word_1_192' title='bbox 1019 2929 1060 2942; x_wconf 91' lang='lat'>-·</span> <span class='ocrx_word' id='word_1_193' title='bbox 1077 2900 1108 2952; x_wconf 90' lang='lat' dir='ltr'>In</span> <span class='ocrx_word' id='word_1_194' title='bbox 1125 2899 1203 2950; x_wconf 83' lang='lat' dir='ltr'>eculeo</span> <span class='ocrx_word' id='word_1_195' title='bbox 1279 2903 1393 2968; x_wconf 63' lang='lat' dir='ltr'>inferlm</span> <span class='ocrx_word' id='word_1_196' title='bbox 1407 2911 1452 2952; x_wconf 85' lang='lat' dir='ltr'>est.</span> 
     </span>
     <span class='ocr_line' id='line_1_25' title="bbox 403 2975 1455 3050; baseline -0.001 -17"><span class='ocrx_word' id='word_1_197' title='bbox 403 2977 547 3044; x_wconf 79' lang='lat' dir='ltr'>Terrenis,</span> <span class='ocrx_word' id='word_1_198' title='bbox 558 2978 594 3030; x_wconf 82' lang='lat' dir='ltr'>its</span> <span class='ocrx_word' id='word_1_199' title='bbox 605 2976 715 3050; x_wconf 72' lang='lat' dir='ltr'>placuit,</span> <span class='ocrx_word' id='word_1_200' title='bbox 731 2977 800 3032; x_wconf 90' lang='lat' dir='ltr'>utin</span> <span class='ocrx_word' id='word_1_201' title='bbox 809 2989 909 3030; x_wconf 81' lang='lat' dir='ltr'>textum</span> <span class='ocrx_word' id='word_1_202' title='bbox 952 2975 1073 3048; x_wconf 77' lang='lat' dir='ltr'>Inponere</span> <span class='ocrx_word' id='word_1_203' title='bbox 1088 2981 1112 3028; x_wconf 87' lang='lat' dir='ltr'>in</span> <span class='ocrx_word' id='word_1_204' title='bbox 1127 2977 1258 3032; x_wconf 70' lang='lat' dir='ltr'>rehaberet</span> <span class='ocrx_word' id='word_1_205' title='bbox 1272 2979 1350 3031; x_wconf 79' lang='lat' dir='ltr'>etiem</span> <span class='ocrx_word' id='word_1_206' title='bbox 1361 2978 1455 3032; x_wconf 76' lang='lat' dir='ltr'>Cicero</span> 
     </span>
     <span class='ocr_line' id='line_1_26' title="bbox 402 3051 1456 3130; baseline -0.002 -18"><span class='ocrx_word' id='word_1_207' title='bbox 402 3057 561 3130; x_wconf 83' lang='lat' dir='ltr'>receperint,</span> <span class='ocrx_word' id='word_1_208' title='bbox 574 3068 665 3112; x_wconf 78' lang='lat' dir='ltr'>contre</span> <span class='ocrx_word' id='word_1_209' title='bbox 673 3057 750 3108; x_wconf 87' lang='lat' dir='ltr'>MSS.</span> <span class='ocrx_word' id='word_1_210' title='bbox 760 3051 910 3128; x_wconf 81' lang='lat' dir='ltr'>fidem,qui</span> <span class='ocrx_word' id='word_1_211' title='bbox 952 3067 978 3108; x_wconf 90' lang='lat' dir='ltr'>et</span> <span class='ocrx_word' id='word_1_212' title='bbox 999 3055 1187 3122; x_wconf 70' lang='lat' dir='ltr'>Quintilianus.</span> <span class='ocrx_word' id='word_1_213' title='bbox 1214 3057 1337 3110; x_wconf 83' lang='lat' dir='ltr'>Usitetior</span> <span class='ocrx_word' id='word_1_214' title='bbox 1370 3069 1456 3110; x_wconf 71' lang='lat' dir='ltr'>umen</span> 
     </span>
     <span class='ocr_line' id='line_1_27' title="bbox 403 3135 1456 3208; baseline -0.001 -16"><span class='ocrx_word' id='word_1_215' title='bbox 403 3150 520 3192; x_wconf 76' lang='lat' dir='ltr'>noenum</span> <span class='ocrx_word' id='word_1_216' title='bbox 538 3137 678 3190; x_wconf 86' lang='lat' dir='ltr'>lectionem</span> <span class='ocrx_word' id='word_1_217' title='bbox 692 3148 841 3190; x_wconf 77' lang='lat' dir='ltr'>constanter</span> <span class='ocrx_word' id='word_1_218' title='bbox 855 3153 909 3190; x_wconf 85' lang='lat' dir='ltr'>ser·</span> <span class='ocrx_word' id='word_1_219' title='bbox 952 3135 1111 3187; x_wconf 89' lang='lat' dir='ltr'>constructio</span> <span class='ocrx_word' id='word_1_220' title='bbox 1126 3148 1180 3191; x_wconf 85' lang='lat' dir='ltr'>est:</span> <span class='ocrx_word' id='word_1_221' title='bbox 1197 3137 1270 3188; x_wconf 80' lang='lat' dir='ltr'>alicui</span> <span class='ocrx_word' id='word_1_222' title='bbox 1281 3149 1308 3190; x_wconf 90' lang='lat' dir='ltr'>et</span> <span class='ocrx_word' id='word_1_223' title='bbox 1323 3136 1456 3208; x_wconf 67' lang='lat' dir='ltr'>neuque</span> 
     </span>
     <span class='ocr_line' id='line_1_28' title="bbox 404 3213 1455 3286; baseline -0.004 -15"><span class='ocrx_word' id='word_1_224' title='bbox 404 3230 482 3282; x_wconf 78' lang='lat' dir='ltr'>vent,</span> <span class='ocrx_word' id='word_1_225' title='bbox 493 3217 515 3270; x_wconf 90' lang='lat' dir='ltr'>si</span> <span class='ocrx_word' id='word_1_226' title='bbox 526 3233 541 3268; x_wconf 82' lang='lat' dir='ltr'>s</span> <span class='ocrx_word' id='word_1_227' title='bbox 554 3215 674 3286; x_wconf 78' lang='lat' dir='ltr'>pauculis</span> <span class='ocrx_word' id='word_1_228' title='bbox 682 3213 840 3280; x_wconf 68' lang='lat' dir='ltr'>(finenem,</span> <span class='ocrx_word' id='word_1_229' title='bbox 852 3213 910 3286; x_wconf 80' lang='lat' dir='ltr'>qui·</span> <span class='ocrx_word' id='word_1_230' title='bbox 984 3213 1455 3286; x_wconf 64' lang='lat' dir='ltr'>4.Qnidnbest.blalePigh.(lnielobert.</span> 
     </span>
     <span class='ocr_line' id='line_1_29' title="bbox 404 3293 1456 3366; baseline -0.004 -14"><span class='ocrx_word' id='word_1_231' title='bbox 404 3298 454 3352; x_wconf 88' lang='lat' dir='ltr'>bus</span> <span class='ocrx_word' id='word_1_232' title='bbox 471 3314 478 3349; x_wconf 90' lang='lat'>:</span> <span class='ocrx_word' id='word_1_233' title='bbox 495 3295 528 3347; x_wconf 80' lang='lat' dir='ltr'>ad</span> <span class='ocrx_word' id='word_1_234' title='bbox 538 3293 678 3364; x_wconf 77' lang='lat' dir='ltr'>pariendum</span> <span class='ocrx_word' id='word_1_235' title='bbox 694 3293 811 3346; x_wconf 72' lang='lat' dir='ltr'>leoninum</span> <span class='ocrx_word' id='word_1_236' title='bbox 819 3311 909 3362; x_wconf 79' lang='lat' dir='ltr'>genus,</span> <span class='ocrx_word' id='word_1_237' title='bbox 989 3293 1015 3346; x_wconf 78' lang='lat'>⁵.</span> <span class='ocrx_word' id='word_1_238' title='bbox 1036 3293 1067 3346; x_wconf 85' lang='lat' dir='ltr'>In</span> <span class='ocrx_word' id='word_1_239' title='bbox 1079 3313 1126 3366; x_wconf 81' lang='lat' dir='ltr'>qua</span> <span class='ocrx_word' id='word_1_240' title='bbox 1136 3333 1183 3350; x_wconf 91' lang='grc'><strong>.....</strong></span> <span class='ocrx_word' id='word_1_241' title='bbox 1189 3307 1233 3348; x_wconf 84' lang='lat' dir='ltr'>est.</span> <span class='ocrx_word' id='word_1_242' title='bbox 1240 3293 1310 3348; x_wconf 74' lang='lat' dir='ltr'>vide</span> <span class='ocrx_word' id='word_1_243' title='bbox 1325 3313 1404 3366; x_wconf 71' lang='lat' dir='ltr'>supre</span> <span class='ocrx_word' id='word_1_244' title='bbox 1418 3296 1456 3359; x_wconf 89' lang='lat' dir='ltr'>ll,</span> 
     </span>
     <span class='ocr_line' id='line_1_30' title="bbox 403 3371 1390 3450; baseline 0.004 -26"><span class='ocrx_word' id='word_1_245' title='bbox 403 3378 520 3450; x_wconf 75' lang='lat' dir='ltr'>itemque</span> <span class='ocrx_word' id='word_1_246' title='bbox 535 3373 569 3424; x_wconf 85' lang='lat' dir='ltr'>ad</span> <span class='ocrx_word' id='word_1_247' title='bbox 579 3371 718 3444; x_wconf 66' lang='lat' dir='ltr'>pariendum</span> <span class='ocrx_word' id='word_1_248' title='bbox 733 3372 857 3434; x_wconf 72' lang='lat' dir='ltr'>benonin,</span> <span class='ocrx_word' id='word_1_249' title='bbox 872 3372 909 3424; x_wconf 88' lang='lat' dir='ltr'>le·</span> <span class='ocrx_word' id='word_1_250' title='bbox 954 3375 987 3440; x_wconf 85' lang='lat'>6,</span> <span class='ocrx_word' id='word_1_251' title='bbox 998 3375 1029 3440; x_wconf 63' lang='grc' dir='ltr'>ὃς</span> <span class='ocrx_word' id='word_1_252' title='bbox 1043 3371 1135 3430; x_wconf 73' lang='lat' dir='ltr'>Senes.</span> <span class='ocrx_word' id='word_1_253' title='bbox 1150 3373 1184 3431; x_wconf 85' lang='lat' dir='ltr'>de</span> <span class='ocrx_word' id='word_1_254' title='bbox 1197 3375 1286 3428; x_wconf 73' lang='lat' dir='ltr'>benet.</span> <span class='ocrx_word' id='word_1_255' title='bbox 1299 3375 1390 3440; x_wconf 79' lang='lat'>111,6.</span> 
     </span>
     <span class='ocr_line' id='line_1_31' title="bbox 404 3450 1456 3530; baseline -0.003 -21"><span class='ocrx_word' id='word_1_256' title='bbox 404 3459 484 3530; x_wconf 85' lang='lat' dir='ltr'>gitur.</span> <span class='ocrx_word' id='word_1_257' title='bbox 497 3451 649 3506; x_wconf 78' lang='lat' dir='ltr'>Perizonius</span> <span class='ocrx_word' id='word_1_258' title='bbox 661 3450 752 3504; x_wconf 77' lang='lat' dir='ltr'>meluit</span> <span class='ocrx_word' id='word_1_259' title='bbox 764 3451 908 3520; x_wconf 76' lang='lat' dir='ltr'>capiendusne.</span> <span class='ocrx_word' id='word_1_260' title='bbox 993 3454 1021 3506; x_wconf 82' lang='lat'>6.</span> <span class='ocrx_word' id='word_1_261' title='bbox 1043 3451 1159 3520; x_wconf 81' lang='lat' dir='ltr'>Comtat,</span> <span class='ocrx_word' id='word_1_262' title='bbox 1179 3453 1260 3524; x_wconf 73' lang='lat' dir='ltr'>pendit</span> <span class='ocrx_word' id='word_1_263' title='bbox 1278 3465 1302 3505; x_wconf 86' lang='lat' dir='ltr'>st</span> <span class='ocrx_word' id='word_1_264' title='bbox 1324 3455 1396 3508; x_wconf 74' lang='lat' dir='ltr'>tollit.</span> <span class='ocrx_word' id='word_1_265' title='bbox 1416 3452 1456 3506; x_wconf 81' lang='lat' dir='ltr'>Sit</span> 
     </span>
     <span class='ocr_line' id='line_1_32' title="bbox 405 3529 1456 3602; baseline 0.001 -17"><span class='ocrx_word' id='word_1_266' title='bbox 405 3567 446 3578; x_wconf 89' lang='lat'><em>-</em></span> <span class='ocrx_word' id='word_1_267' title='bbox 460 3533 599 3586; x_wconf 82' lang='lat' dir='ltr'>Clementia.</span> <span class='ocrx_word' id='word_1_268' title='bbox 612 3529 677 3596; x_wconf 73' lang='lat' dir='ltr'>ulit,</span> <span class='ocrx_word' id='word_1_269' title='bbox 691 3531 837 3602; x_wconf 70' lang='lat' dir='ltr'>eloquentin5</span> <span class='ocrx_word' id='word_1_270' title='bbox 849 3549 911 3584; x_wconf 84' lang='lat' dir='ltr'>nem</span> <span class='ocrx_word' id='word_1_271' title='bbox 952 3531 1040 3602; x_wconf 76' lang='lat' dir='ltr'>vulgo.</span> <span class='ocrx_word' id='word_1_272' title='bbox 1050 3531 1178 3586; x_wconf 85' lang='lat' dir='ltr'>Nonnulli</span> <span class='ocrx_word' id='word_1_273' title='bbox 1189 3530 1267 3586; x_wconf 85' lang='lat' dir='ltr'>codd.</span> <span class='ocrx_word' id='word_1_274' title='bbox 1276 3545 1369 3594; x_wconf 73' lang='lat' dir='ltr'>exstet,</span> <span class='ocrx_word' id='word_1_275' title='bbox 1381 3534 1456 3596; x_wconf 66' lang='lat' dir='ltr'>tutu,-</span> 
     </span>
     <span class='ocr_line' id='line_1_33' title="bbox 406 3609 1455 3684; baseline -0.002 -18"><span class='ocrx_word' id='word_1_276' title='bbox 406 3627 433 3666; x_wconf 87' lang='lat' dir='ltr'>et</span> <span class='ocrx_word' id='word_1_277' title='bbox 451 3613 507 3666; x_wconf 79' lang='lat' dir='ltr'>hese</span> <span class='ocrx_word' id='word_1_278' title='bbox 525 3610 558 3664; x_wconf 79' lang='lat' dir='ltr'>ad</span> <span class='ocrx_word' id='word_1_279' title='bbox 578 3612 693 3666; x_wconf 80' lang='lat' dir='ltr'>levorem</span> <span class='ocrx_word' id='word_1_280' title='bbox 713 3609 851 3662; x_wconf 90' lang='lat' dir='ltr'>hominum</span> <span class='ocrx_word' id='word_1_281' title='bbox 864 3629 911 3681; x_wconf 80' lang='lat' dir='ltr'>ps·</span> <span class='ocrx_word' id='word_1_282' title='bbox 953 3609 1122 3674; x_wconf 72' lang='lat' dir='ltr'>eliieesturet,</span> <span class='ocrx_word' id='word_1_283' title='bbox 1140 3611 1455 3684; x_wconf 79' lang='lat' dir='ltr'>tellit.1ned.blng.est:</span> 
     </span>
     <span class='ocr_line' id='line_1_34' title="bbox 407 3687 1455 3762; baseline -0.001 -16"><span class='ocrx_word' id='word_1_284' title='bbox 407 3690 522 3746; x_wconf 81' lang='lat' dir='ltr'>rendunt</span> <span class='ocrx_word' id='word_1_285' title='bbox 532 3691 677 3762; x_wconf 86' lang='lat' dir='ltr'>plurimum</span> <span class='ocrx_word' id='word_1_286' title='bbox 689 3689 798 3742; x_wconf 78' lang='lat' dir='ltr'>confert</span> <span class='ocrx_word' id='word_1_287' title='bbox 808 3687 911 3742; x_wconf 86' lang='lat' dir='ltr'>Deinde</span> <span class='ocrx_word' id='word_1_288' title='bbox 954 3701 1059 3748; x_wconf 81' lang='lat' dir='ltr'>constet,</span> <span class='ocrx_word' id='word_1_289' title='bbox 1080 3711 1161 3760; x_wconf 67' lang='lat' dir='ltr'>expers</span> <span class='ocrx_word' id='word_1_290' title='bbox 1182 3692 1260 3756; x_wconf 51' lang='lat' dir='ltr'>tolli&amp;</span> <span class='ocrx_word' id='word_1_291' title='bbox 1277 3691 1349 3748; x_wconf 86' lang='lat' dir='ltr'>unde</span> <span class='ocrx_word' id='word_1_292' title='bbox 1361 3693 1455 3746; x_wconf 82' lang='lat' dir='ltr'>Torre-</span> 
     </span>
     <span class='ocr_line' id='line_1_35' title="bbox 406 3767 1455 3842; baseline -0.002 -16"><span class='ocrx_word' id='word_1_293' title='bbox 406 3770 526 3826; x_wconf 89' lang='lat' dir='ltr'>Pbocion</span> <span class='ocrx_word' id='word_1_294' title='bbox 544 3787 574 3822; x_wconf 93' lang='lat' dir='ltr'>re</span> <span class='ocrx_word' id='word_1_295' title='bbox 591 3787 652 3824; x_wconf 76' lang='lat' dir='ltr'>veru</span> <span class='ocrx_word' id='word_1_296' title='bbox 664 3769 716 3822; x_wconf 82' lang='lat' dir='ltr'>luit</span> <span class='ocrx_word' id='word_1_297' title='bbox 730 3769 911 3838; x_wconf 84' lang='lat' dir='ltr'>eloquentissi·</span> <span class='ocrx_word' id='word_1_298' title='bbox 953 3767 1013 3822; x_wconf 90' lang='lat' dir='ltr'>nius</span> <span class='ocrx_word' id='word_1_299' title='bbox 1022 3769 1129 3838; x_wconf 82' lang='lat' dir='ltr'>conjicit</span> <span class='ocrx_word' id='word_1_300' title='bbox 1139 3787 1146 3823; x_wconf 75' lang='grc' dir='ltr'>ι</span> <span class='ocrx_word' id='word_1_301' title='bbox 1156 3782 1260 3834; x_wconf 81' lang='lat' dir='ltr'>constet,</span> <span class='ocrx_word' id='word_1_302' title='bbox 1271 3785 1377 3842; x_wconf 70' lang='lat' dir='ltr'>erpere·</span> <span class='ocrx_word' id='word_1_303' title='bbox 1386 3772 1455 3824; x_wconf 78' lang='lat' dir='ltr'>tollit</span> 
     </span>
     <span class='ocr_line' id='line_1_36' title="bbox 407 3846 1456 3922; baseline 0.001 -18"><span class='ocrx_word' id='word_1_304' title='bbox 407 3871 474 3904; x_wconf 88' lang='lat' dir='ltr'>mus.</span> <span class='ocrx_word' id='word_1_305' title='bbox 487 3849 557 3902; x_wconf 84' lang='lat' dir='ltr'>Hinc</span> <span class='ocrx_word' id='word_1_306' title='bbox 569 3847 613 3900; x_wconf 80' lang='lat' dir='ltr'>illu</span> <span class='ocrx_word' id='word_1_307' title='bbox 626 3867 677 3900; x_wconf 82' lang='lat' dir='ltr'>vox</span> <span class='ocrx_word' id='word_1_308' title='bbox 685 3848 867 3902; x_wconf 85' lang='lat' dir='ltr'>Demosthenis</span> <span class='ocrx_word' id='word_1_309' title='bbox 878 3846 912 3901; x_wconf 88' lang='lat' dir='ltr'>de</span> <span class='ocrx_word' id='word_1_310' title='bbox 954 3847 1070 3905; x_wconf 71' lang='lat' dir='ltr'>Frustra·</span> <span class='ocrx_word' id='word_1_311' title='bbox 1087 3849 1179 3920; x_wconf 85' lang='lat' dir='ltr'>Neque</span> <span class='ocrx_word' id='word_1_312' title='bbox 1195 3850 1267 3904; x_wconf 90' lang='lat' dir='ltr'>enim</span> <span class='ocrx_word' id='word_1_313' title='bbox 1282 3851 1364 3922; x_wconf 67' lang='lat' dir='ltr'>perde</span> <span class='ocrx_word' id='word_1_314' title='bbox 1377 3864 1401 3904; x_wconf 82' lang='lat' dir='ltr'>et</span> <span class='ocrx_word' id='word_1_315' title='bbox 1414 3869 1456 3904; x_wconf 80' lang='lat' dir='ltr'>su·</span> 
     </span>
     <span class='ocr_line' id='line_1_37' title="bbox 407 3927 1456 4000; baseline -0.001 -16"><span class='ocrx_word' id='word_1_316' title='bbox 407 3931 558 3984; x_wconf 87' lang='lat' dir='ltr'>Phocione:</span> <span class='ocrx_word' id='word_1_317' title='bbox 574 3929 649 3984; x_wconf 70' lang='lat' dir='ltr'>tens</span> <span class='ocrx_word' id='word_1_318' title='bbox 665 3929 728 3998; x_wconf 65' lang='grc' dir='ltr'>ἱμῶν</span> <span class='ocrx_word' id='word_1_319' title='bbox 739 3929 816 3999; x_wconf 71' lang='grc' dir='ltr'><strong>λόγων</strong></span> <span class='ocrx_word' id='word_1_320' title='bbox 834 3929 911 3999; x_wconf 74' lang='grc' dir='ltr'><strong>σφῦρα</strong></span> <span class='ocrx_word' id='word_1_321' title='bbox 953 3940 1071 3999; x_wconf 81' lang='lat' dir='ltr'>spectum</span> <span class='ocrx_word' id='word_1_322' title='bbox 1086 3929 1164 3984; x_wconf 80' lang='lat' dir='ltr'>elicui</span> <span class='ocrx_word' id='word_1_323' title='bbox 1176 3927 1323 3996; x_wconf 76' lang='lat' dir='ltr'>videbitur,</span> <span class='ocrx_word' id='word_1_324' title='bbox 1344 3931 1390 4000; x_wconf 77' lang='lat' dir='ltr'>qui</span> <span class='ocrx_word' id='word_1_325' title='bbox 1401 3949 1456 4000; x_wconf 60' lang='lat' dir='ltr'>pu*</span> 
     </span>
     <span class='ocr_line' id='line_1_38' title="bbox 406 4006 1455 4080; baseline 0 -18"><span class='ocrx_word' id='word_1_326' title='bbox 406 4011 447 4064; x_wconf 76' lang='grc' dir='ltr'>καὶ</span> <span class='ocrx_word' id='word_1_327' title='bbox 460 4011 529 4070; x_wconf 78' lang='grc' dir='ltr'>κόπις</span> <span class='ocrx_word' id='word_1_328' title='bbox 545 4008 649 4078; x_wconf 73' lang='grc' dir='ltr'>ἱρχιται.</span> <span class='ocrx_word' id='word_1_329' title='bbox 954 4006 1312 4080; x_wconf 73' lang='lat' dir='ltr'>deresupissimepromrtm</span> <span class='ocrx_word' id='word_1_330' title='bbox 1324 4009 1455 4068; x_wconf 63' lang='lat' dir='ltr'>(detrusit)</span> 
     </span>
    </p>

    <p class='ocr_par' dir='ltr' id='par_1_6' title="bbox 408 4083 1457 4240">
     <span class='ocr_line' id='line_1_39' title="bbox 450 4083 1184 4157; baseline 0.001 -16"><span class='ocrx_word' id='word_1_331' title='bbox 450 4089 475 4141; x_wconf 83' lang='lat'>3.</span> <span class='ocrx_word' id='word_1_332' title='bbox 493 4087 652 4138; x_wconf 79' lang='lat' dir='ltr'>Ltlemlttase.</span> <span class='ocrx_word' id='word_1_333' title='bbox 675 4083 782 4156; x_wconf 85' lang='lat' dir='ltr'>Pighius</span> <span class='ocrx_word' id='word_1_334' title='bbox 797 4085 911 4140; x_wconf 74' lang='lat' dir='ltr'>auctori·</span> <span class='ocrx_word' id='word_1_335' title='bbox 954 4087 1018 4157; x_wconf 89' lang='lat' dir='ltr'>poni</span> <span class='ocrx_word' id='word_1_336' title='bbox 1027 4088 1184 4142; x_wconf 83' lang='lat' dir='ltr'>meminerit.</span> 
     </span>
     <span class='ocr_line' id='line_1_40' title="bbox 408 4163 1457 4240; baseline 0.002 -20"><span class='ocrx_word' id='word_1_337' title='bbox 408 4177 461 4220; x_wconf 78' lang='lat' dir='ltr'>tete</span> <span class='ocrx_word' id='word_1_338' title='bbox 474 4166 552 4220; x_wconf 87' lang='lat' dir='ltr'>unius</span> <span class='ocrx_word' id='word_1_339' title='bbox 563 4163 660 4218; x_wconf 84' lang='lat' dir='ltr'>codicis</span> <span class='ocrx_word' id='word_1_340' title='bbox 670 4165 762 4236; x_wconf 81' lang='lat' dir='ltr'>Cump.</span> <span class='ocrx_word' id='word_1_341' title='bbox 778 4165 912 4220; x_wconf 85' lang='lat' dir='ltr'>substituit</span> <span class='ocrx_word' id='word_1_342' title='bbox 995 4185 1021 4237; x_wconf 79' lang='lat'>7.</span> <span class='ocrx_word' id='word_1_343' title='bbox 1030 4167 1189 4240; x_wconf 67' lang='lat' dir='ltr'>AEqus&#39;ssirnn.</span> <span class='ocrx_word' id='word_1_344' title='bbox 1198 4165 1266 4224; x_wconf 79' lang='lat' dir='ltr'>cod.</span> <span class='ocrx_word' id='word_1_345' title='bbox 1276 4167 1371 4240; x_wconf 78' lang='lat' dir='ltr'>Ulmj.</span> <span class='ocrx_word' id='word_1_346' title='bbox 1380 4168 1457 4239; x_wconf 86' lang='lat' dir='ltr'>prim.</span> 
     </span>
    </p>
   </div>
   <div class='ocr_carea' id='block_1_6' title="bbox 0 0 1617 5122">
    <p class='ocr_par' dir='ltr' id='par_1_7' title="bbox 0 0 1617 5122">
     <span class='ocr_line' id='line_1_41' title="bbox 0 0 1617 5122; baseline 0 0"><span class='ocrx_word' id='word_1_347' title='bbox 0 0 1617 5122; x_wconf 95' lang='lat' dir='ltr'> </span> 
     </span>
    </p>
   </div>
  </div>
 </body>
</html>
