3196 5122
404 535 480 624 234
596 535 822 606 VALERII
850 535 1058 604 ΜΑΧΙΜΙ
1086 535 1182 604 LIB.
1210 535 1285 604 ΙΙΙ.

401 671 598 767 quadragies
623 669 710 738 ratio
732 669 767 736 in
790 669 883 737 curia
900 681 1147 764 reposceretur,
1173 667 1342 763 prolatum
1364 667 1409 738 ab
1432 693 1470 740 eo

400 779 538 864 librum,
566 801 633 871 <pro
654 789 800 871 acceptae
817 789 851 845 et
872 799 1024 870 expensae
1041 797 1180 846 summae
1199 775 1470 860 continebantur,

399 901 433 954 et
444 883 548 954 refelli
560 885 770 953 inimicorum
783 884 950 953 accusatio
964 896 1111 978 poterat,
1125 881 1315 978 discerpsit:
1326 882 1470 978 indigna·

399 1007 453 1062 tus
474 993 516 1062 de
536 1015 575 1060 ea
600 1015 636 1060 re
662 990 823 1075 dubitari,
845 1014 919 1084 quae
935 991 998 1060 sub
1018 992 1092 1084 ipso
1113 988 1222 1084 legato
1243 989 1470 1060 administrata

399 1099 517 1168 fuerat.
539 1099 632 1188 Quin
658 1099 758 1167 etiarn
779 1099 814 1166 in
836 1097 927 1166 bunc
949 1095 1086 1166 modum
1107 1099 1198 1192 egit:
1221 1097 1327 1166 «Non
1349 1096 1469 1182 reddo,

398 1220 510 1300 patres
522 1206 719 1300 conscripti,
732 1206 849 1274 aratio
862 1218 975 1274 vestro
982 1207 1070 1273 H·S.
1081 1203 1279 1299 quadragies
1291 1204 1468 1288 rationem,

398 1312 494 1382 alieni
509 1313 639 1408 imperii
657 1313 821 1400 minister,
841 1311 932 1406 quod
947 1336 1024 1380 meo
1037 1310 1142 1380 ductu
1155 1312 1303 1404 meisque
1317 1312 1468 1405 auspiciis

398 1419 447 1489 bis
460 1419 577 1489 millies
590 1421 674 1488 H·S.
692 1417 826 1488 uberius
845 1419 918 1488 leci.
937 1420 1056 1512 Neque
1074 1419 1163 1486 enim
1181 1417 1265 1506 huc,
1281 1431 1383 1512 puto,
1401 1443 1467 1486 ma·

398 1526 556 1622 lignitatis
576 1539 730 1614 ventum,
755 1539 795 1594 ut
814 1525 857 1595 de
877 1549 953 1596 mea
973 1525 1163 1595 innocentia
1182 1523 1400 1620 quaerendum
1418 1526 1466 1594 sit.

397 1637 483 1703 Nam
498 1657 602 1729 quum
610 1633 757 1702 Africam
772 1646 877 1702 totam
890 1633 1046 1726 potestati
1063 1647 1181 1704 vestrae
1196 1632 1467 1726 subjecerim,ni·

397 1739 445 1808 hil
466 1767 505 1811 ex
528 1765 567 1810 ea
584 1739 674 1835 quod
685 1763 796 1808 meum
810 1739 993 1823 diceretur,
1007 1754 1128 1833 praeter
1142 1763 1349 1835 cognomen,
1361 1737 1466 1808 retuli.

396 1849 472 1916 Non
488 1849 589 1943 igitur
611 1871 665 1916 me
679 1849 826 1942 punica,
847 1871 917 1916 non
935 1847 1073 1916 fratrem
1090 1871 1203 1916 meum
1219 1847 1363 1916 asiaticas
1381 1869 1466 1941 gaza

395 1973 535 2024 avarum
549 1953 784 2024 reddiderunt:
799 1953 857 2022 sed
870 1968 1011 2048 uterque
1027 1968 1179 2024 nostmm
1192 1951 1312 2048 magis¹
1331 1952 1465 2034 invidia,

395 2085 495 2154 quam
513 2063 654 2157 pecunia
668 2059 866 2156 locupletior
878 2075 937 2130 est.
949 2089 967 2126 s
983 2063 1067 2130 Tam
1081 2075 1290 2131 constantem
1303 2058 1465 2130 defensio·

396 2191 473 2237 nem
490 2171 655 2264 Scipionis
675 2171 850 2238 universus
871 2182 1005 2237 senatus
1022 2167 1264 2263 comprobavit

446 2277 539 2345 Sicut
552 2291 586 2344 ct
600 2275 681 2344 illud
697 2275 822 2344 factum
831 2273 854 2364 ²,
872 2273 978 2370 quod,
995 2299 1099 2370 quum
1114 2274 1157 2344 ad
1170 2273 1395 2344 necessarium
1413 2274 1467 2342 rei

393 2381 535 2474 publica
549 2407 647 2452 usum
662 2384 838 2476 pecuniam
850 2407 891 2450 ex
905 2383 1022 2452 aerario
1034 2383 1143 2478 promi
1154 2407 1238 2477 opus
1252 2395 1357 2468 esset,
1371 2379 1466 2474 idque

393 2503 590 2580 quaestores,
610 2489 688 2583 quia
708 2487 761 2558 lex
777 2489 910 2558 obstare
927 2489 1113 2578 videretur,
1135 2490 1265 2586 aperire
1283 2512 1353 2558 non
1368 2486 1465 2556 aude·

394 2609 484 2682 rent,
498 2597 648 2690 privatus
660 2593 769 2665 claves
781 2598 950 2690 poposcit,
964 2596 1197 2691 patefactoque
1213 2596 1347 2682 aerario,
1361 2592 1463 2688 legero

392 2699 524 2771 utilitati
540 2703 658 2771 cedere
671 2725 732 2772 coe
758 2705 801 2772 'tz
816 2727 916 2797 quam
931 2704 1066 2797 quidem
1077 2705 1109 2773 ei
1123 2703 1280 2772 fiduciam
1296 2703 1463 2772 consuen-

391 2807 510 2910 tiauillu
528 2809 634 2898 dedit,
654 2833 721 2904 qua
759 2811 957 2879 meminerat
970 2835 1087 2880 omnes
1099 2809 1187 2904 leges
1200 2835 1221 2878 a
1237 2833 1307 2879 sese
1325 2831 1464 2878 essessa

390 2929 492 2986 ratas.
513 2919 591 2986 Non
611 2917 776 3012 fatigabor
797 2917 946 3011 ejusdem
969 2917 1059 2986 facta
1075 2917 1256 2986 identidem
1272 2913 1463 3000 referendo,

388 3025 547 3116 quoniam
566 3047 608 3093 nc
622 3023 677 3093 ille
693 3023 826 3118 quidem
842 3025 876 3092 in
894 3023 1058 3094 consimili
1073 3048 1194 3120 genere
1212 3023 1347 3092 virtutis
1366 3021 1461 3090 eden-

390 3225 645 3280 usus.Efficiebotus
654 3225 760 3280 dnobus
768 3227 903 3280 assiboset
947 3223 1430 3297 seqsiitur.diacerpsit‚reierripossit.
1438 3221 1462 3275 Si

390 3307 836 3360 annuntiabamur-ramnum
845 3307 905 3358 mil·
944 3305 1043 3377 prolato
1067 3305 1131 3358 libro
1151 3305 1267 3359 retinere
1291 3305 1360 3358 retis
1375 3341 1383 3366 ‚
1400 3303 1462 3356 alim

389 3386 415 3439 le
429 3387 564 3440 amterdos
576 3386 713 3458 significat.
724 3385 842 3439 Videndi
856 3387 904 3438 Vi·
948 3386 1113 3440 accusativus
1124 3383 1461 3458 qsrarendos31egendum·

390 3479 460 3520 truv.
476 3469 537 3532 III,
561 3467 721 3538 1;Scaliger
740 3465 775 3519 de
796 3467 835 3520 lle
853 3484 904 3518 nu·
947 3483 1000 3538 que
1013 3487 1067 3518 eura
1078 3465 1211 3536 discerpsit.

391 3547 490 3613 raaria3
510 3547 625 3600 Badaus
643 3546 678 3600 de
690 3549 768 3610 Asse,
783 3546 903 3598 Gronov.
992 3565 1017 3600 1.
1038 3546 1130 3616 Magis.
1147 3545 1408 3616 Perpleonassnutn,
1424 3541 1461 3595 uti

390 3625 425 3678 de
434 3626 540 3680 Sestert.
548 3628 688 3680 sestertius
698 3627 774 3697 signo
783 3625 863 3691 LLS,
873 3624 903 3678 id
946 3638 974 3678 ct
985 3627 1019 3678 ab
1030 3626 1088 3680 aliis
1099 3659 1108 3686 ,
1128 3624 1259 3680 additum.
1277 3625 1378 3680 lustin.
1395 3623 1461 3688 111,

389 3719 441 3766 est,
459 3705 520 3758 dua
537 3708 612 3760 libra
629 3721 655 3760 et
672 3707 799 3770 semissis,
819 3705 903 3758 deno·
950 3724 1002 3770 ιη
1017 3707 1088 3759 Flor.
1103 3708 1159 3770 IV,
1177 3727 1207 3770 s,
1224 3708 1271 3760 26.

390 3787 506 3840 tabatur.
526 3789 631 3859 Duplex
646 3789 669 3840 L
684 3799 776 3859 postea
791 3787 820 3838 in
835 3786 903 3857 ligo·
989 3805 1015 3839 a.
1033 3785 1103 3838 Illud
1110 3789 1216 3854 sactum.
1234 3784 1396 3840 Celtiberico
1410 3781 1463 3836 bel·

389 3883 446 3918 ram
461 3866 486 3918 H
500 3881 698 3922 contraxerunt.
717 3899 758 3911 -
776 3867 902 3919 emtarum
945 3865 973 3918 lo
988 3903 998 3930 ‚
1012 3885 1096 3937 quum
1118 3865 1291 3938 Sempronius
1312 3863 1462 3918 Tuditanus

389 3945 611 4001 adeolibrum.1ta
623 3948 699 4019 Pigb.
711 3945 814 4000 ecodd.
825 3945 901 3999 MSS.
946 3959 1008 3998 mm
1023 3947 1098 3999 omni
1114 3947 1170 4002 lere
1184 3945 1302 4000 exercitu
1317 3943 1460 3998 deleretur·

389 4023 481 4080 edidit.
504 4029 558 4081 Alii
577 4027 685 4081 edidere
706 4029 803 4098 prolato
823 4027 855 4078 ab
874 4047 902 4078 eo
988 4027 1014 4080 3.
1029 4027 1095 4096 Qua.
1108 4027 1198 4100 Vulgo
1212 4029 1288 4098 qrria,·
1300 4023 1349 4080 sed
1363 4026 1459 4078 Torre-

388 4106 458 4159 lr'bm.
476 4107 529 4160 Sed
544 4109 621 4180 prius
639 4107 706 4162 illud
721 4109 818 4162 rectius
838 4120 900 4160 est:
943 4107 1006 4160 aius
1018 4125 1049 4160 es
1064 4107 1120 4160 MS.
1131 4107 1306 4162 Perimniuso
1319 4106 1347 4160 in
1361 4119 1458 4158 testum

387 4199 418 4240 ut
434 4187 468 4240 sit
491 4188 611 4260 aliquid,
632 4188 665 4242 ad
681 4187 753 4260 quod
770 4187 814 4254 id,
828 4186 900 4258 qaod
945 4187 1045 4258 recepit
1058 4207 1114 4259 quc.
