3218 5128
410 503 457 577 36
616 502 839 572 VALERII
873 499 1081 568 MAXIMI
1115 503 1209 570 LlB.
1243 503 1270 570 1.

410 663 508 724 nem,
534 659 600 730 qua
626 650 739 730 postea
765 657 942 728 oppressus
963 648 1029 722 est,
1057 635 1251 729 pertinuisse
1278 635 1385 704 usum
1412 652 1472 706 est.

410 745 530 814 Merito
552 756 663 812 autem
683 741 724 810 de
745 739 842 810 laude
869 739 955 809 iuter
977 764 1011 810 se
1033 743 1171 810 victoria
1191 755 1225 810 et
1246 741 1301 836 pia
1325 744 1475 838 precatio

412 847 603 944 amplissimi
623 849 686 916 viri
712 859 920 916 certaremus
943 871 951 914 ε
974 871 1066 942 aeque
1088 847 1175 916 enim
1198 847 1330 916 subtus
1354 863 1422 937 cst,
1440 861 1475 916 et

411 957 499 1026 bona
517 956 631 1050 patrie
648 955 789 1040 auxisse,
810 966 844 1021 et
861 950 949 1021 mala
965 953 1000 1022 in
1017 977 1053 1022 se
1068 952 1246 1042 transferre
1266 951 1418 1024 voluisse.

467 1060 501 1132 3.
524 1061 615 1150 Quid
637 1059 736 1148 illud,
757 1059 847 1154 quod
867 1062 905 1128 1.
929 1058 1044 1128 Paullo
1070 1057 1198 1128 consuli
1222 1061 1351 1146 evenit,
1373 1083 1473 1154 mrem

413 1164 638 1238 memorabile!
655 1191 758 1260 quum
773 1167 804 1234 ei
822 1179 910 1234 sorte
923 1165 1100 1252 evenisset,
1114 1180 1152 1234 ut
1169 1163 1292 1236 bellum
1305 1189 1383 1234 etun
1395 1189 1475 1260 rege

413 1273 534 1378 Perse}
548 1287 693 1368 gereret,
705 1286 738 1340 et
750 1271 885 1340 domum
899 1295 918 1338 e
934 1271 1024 1340 curia
1039 1295 1222 1366 regressus,
1233 1269 1368 1340 filiolam
1379 1295 1473 1340 suam

413 1381 545 1450 nomine
561 1380 726 1465 Tertiam,
739 1403 813 1472 quae
830 1391 901 1446 tum
921 1391 992 1446 erat
1006 1377 1185 1448 admodum
1205 1375 1360 1472 parvula,
1373 1401 1474 1447 oscu-

413 1485 516 1573 latus,
533 1486 662 1554 tristem
685 1483 985 1552 animadverteret:
1004 1485 1240 1578 interrogavit,
1263 1482 1342 1577 quid
1364 1485 1411 1552 ita
1434 1507 1475 1552 eo

414 1589 509 1659 vultu
525 1606 618 1660 esset.
639 1591 724 1678 Quae
742 1589 929 1684 respondit,
946 1591 1078 1658 Persam
1098 1591 1241 1684 periisse.
1261 1587 1474 1658 Decesserat²

413 1711 523 1766 autem
544 1694 699 1782 catellus,
718 1719 816 1790 quem
834 1693 943 1790 puella
956 1696 991 1764 in
1009 1693 1132 1764 deliciis
1151 1695 1325 1780 babuerat,
1342 1697 1476 1764 nomine

413 1805 521 1874 Persa
539 1804 688 1900 Arripuit
703 1804 803 1898 igitur
815 1827 914 1871 omen
930 1800 1078 1890 Paullus,
1093 1827 1198 1896 exque
1212 1801 1350 1870 fortuito
1370 1801 1477 1888 dicto,

414 1912 506 2006 quasi
520 1934 613 2005 spem
638 1923 762 1979 certam
781 1907 951 2000 clarissimi
972 1907 1132 2002 triumphi
1150 1909 1260 1976 animo
1281 1909 1476 2002 presumsit.

469 2019 503 2100 4.
524 2020 570 2084 At
589 2015 724 2084 Caecilia
739 2013 865 2084 Metelli
875 1999 900 2102 ³,
919 2011 1000 2083 dum
1021 2015 1143 2084 sororis
1160 2013 1252 2101 filiae,
1265 2011 1384 2082 adultae
1398 2025 1476 2081 ata·

415 2123 456 2190 tis
473 2121 611 2214 virgini,
629 2145 721 2189 more
739 2123 871 2214 prisco,
893 2133 991 2188 nocte
1012 2120 1189 2206 concubia,
1203 2117 1360 2214 nuptialia
1377 2121 1479 2214 petit,

416 2249 515 2294 omen
533 2227 602 2319 ipsa
623 2225 709 2294 fecit.
730 2227 817 2294 Nam
839 2249 942 2320 quum
962 2227 996 2292 in
1018 2223 1137 2294 sacello
1159 2223 1321 2320 quodam,
1341 2224 1410 2318 ejus
1429 2227 1478 2292 rei

417 2331 545 2426 gratia,
570 2327 769 2424 aliquamdiu
795 2329 1007 2424 persedisset,
1029 2355 1092 2402 neo
1119 2330 1186 2402 ulla
1213 2355 1279 2400 voa
1306 2333 1479 2426 proposito

417 2461 604 2530 congruens
623 2449 707 2505 esset
729 2434 855 2524 audita3
881 2436 966 2506 fessa
988 2435 1087 2532 longa
1109 2437 1216 2506 standi
1236 2461 1330 2505 mora
1344 2435 1479 2531 puella,

419 2543 549 2636 rogavit
573 2555 804 2630 materteram,
824 2557 862 2611 ut
886 2541 948 2612 sibi
977 2541 1155 2638 paullisper
1180 2543 1289 2614 locum
1316 2541 1479 2612 residendi
1583 2541 1584 2544 ’

421 2647 694 2717 accommodaret.
712 2649 775 2717 Cui
792 2646 845 2716 illa
863 2675 870 2716 :
890 2677 907 2710 a
918 2651 990 2743 Ego
1008 2673 1106 2733 vero,
1122 2649 1245 2743 inquit,
1265 2647 1404 2718 libenter
1418 2649 1480 2716 tibi

419 2779 493 2823 mea
506 2741 594 2824 sedel
604 2753 720 2823 cedo.»
733 2753 835 2843 Quod
848 2751 990 2844 dictum,
1004 2754 1045 2824 ab
1059 2754 1261 2851 indulgentia
1275 2753 1481 2850 profectum,

421 3003 461 3015 -
475 2975 525 3024 An.
544 2972 579 3024 U.
597 2969 928 3042 357.1.iv.V,21;P1ut.
972 2970 1063 3024 Disiu-
1080 2977 1111 3036 Ι,
1132 2967 1334 3035 463Platucb.
1354 2971 1384 3024 in
1403 2969 1479 3024 Paul.

465 3069 489 3103 r.
504 3051 585 3102 Perse.
596 3051 686 3104 Perses
698 3069 718 3102 a.
733 3049 853 3114 Perseus,
870 3050 931 3104 ulti·
1015 3050 1150 3104 atreum.
1160 3049 1221 3104 Soil.
1230 3067 1379 3122 axemque
1388 3067 1439 3102 vox
1451 3051 1481 3104 io

422 3147 483 3180 mus
495 3147 586 3198 regum
597 3127 751 3188 Macedon..
763 3129 849 3182 victua
858 3127 931 3202 apud
973 3127 1181 3200 quibusdoodd.
1189 3130 1293 3200 eglossa
1300 3127 1423 3196 additru,
1433 3127 1482 3182 sed

424 3205 931 3280 Pydnam,AEmiliiPaullitriumpbum
973 3220 1069 3278 preter
1089 3209 1281 3274 necessitatem,
1303 3227 1387 3280 quum
1407 3227 1433 3260 v.
1455 3229 1481 3262 c.

425 3287 538 3342 ornavit.
978 3288 1088 3341 Terentio
1097 3288 1225 3348 Ciceronis,
1232 3289 1331 3342 Metello
1340 3288 1424 3342 Caeso·
1429 3299 1481 3342 etc.

467 3386 494 3420 a.
506 3367 653 3418 Decessemt.
663 3365 796 3418 Inusitate.
811 3365 880 3418 Nam
889 3365 931 3418 de-
973 3366 1125 3438 frequenter
1131 3367 1484 3440 ooeunuapxeee-Cee-

427 3447 507 3498 cedere
516 3465 566 3518 pro
579 3448 639 3496 mori
650 3443 833 3498 tantummodo
843 3443 876 3497 de
885 3445 932 3498 ho·
974 3445 1055 3508 erebia,
1066 3466 1086 3500 r.
1099 3447 1263 3518 intempesta.
1271 3448 1334 3502 Dies
1346 3445 1418 3518 apud
1426 3447 1482 3500 llo·

427 3526 557 3592 minibus,
566 3544 621 3578 non
629 3523 663 3577 de
669 3525 777 3578 mnibus
786 3525 851 3576 solet
860 3543 934 3578 usar·
974 3543 1065 3580 manoe
1078 3545 1093 3580 a
1105 3524 1191 3580 media
1202 3539 1279 3582 nocte
1294 3527 1401 3598 incepit.
1416 3527 1484 3596 Ejus

427 3605 496 3678 pari.
509 3605 566 3660 Hoc
582 3618 621 3658 eat
635 3603 717 3670 illud,
732 3601 805 3674 qarod
822 3603 932 3674 Scalige-
974 3617 1061 3675 partes
1076 3617 1173 3658 eraut:
1194 3605 1287 3660 medie
1301 3607 1387 3660 noctis
1404 3605 1484 3658 incli-

428 3701 488 3736 rum
503 3685 530 3735 in
547 3685 684 3738 Catalectis
699 3683 841 3755 permovit,
856 3696 886 3735 ut
900 3681 933 3735 de
975 3685 1056 3750 natio,
1065 3685 1239 3756 gallicinium,
1248 3683 1486 3752 conticinium&-

429 3759 537 3814 Valerio
548 3775 638 3816 nostro
647 3761 759 3828 diceret,
771 3781 819 3814 esse
831 3767 932 3832 irreptum
975 3763 1484 3837 luculum,maue,vespera,primalax,

429 3839 553 3892 verbor-roa
568 3844 737 3908 affictaeonm.
759 3841 869 3894 Colerua
884 3861 933 3912 pro
975 3845 1104 3898 concubia
1124 3857 1151 3898 et
1173 3845 1329 3916 intempesta
1351 3863 1421 3912 noa,
1446 3845 1485 3897 ita

430 3920 674 3992 Quarioaisstagite'o
686 3920 799 3974 declarat
807 3920 933 3992 loquendi
976 3921 1063 3990 dieta,
1077 3922 1149 3995 quod
1162 3943 1215 3978 uon
1229 3925 1263 3978 sit
1275 3923 1401 3978 idoneum
1415 3937 1484 3976 tem·

430 4001 676 4065 rationemValerii,
684 4000 756 4073 quod
764 4001 886 4054 decessisse
895 4021 935 4053 ea·
976 4022 1026 4074 pus
1038 4005 1116 4056 rebus
1124 4001 1251 4074 gerendis.
1268 4003 1332 4058 Vid.
1345 4004 1417 4058 Gett.
1427 4003 1470 4056 111
1475 4041 1485 4070 ,

432 4080 525 4142 tellam,
540 4099 606 4152 quem
616 4082 697 4150 puella
707 4085 732 4132 in
745 4083 833 4132 deliciis
846 4082 933 4134 imbue·
980 4101 1012 4148 a;
1028 4083 1147 4136 Macrob.
1161 4083 1265 4136 Sattuu.
1281 4085 1308 4150 I,
1324 4085 1350 4138 3.

381 4155 382 4159 ’
430 4171 482 4222 rar,
497 4157 613 4214 dixisset.
628 4161 730 4214 -An
749 4161 782 4213 U.
801 4161 933 4216 osseis.
1018 4168 1044 4227 4.
1059 4161 1188 4216 Measede.
1200 4161 1287 4218 codd.
1300 4161 1374 4220 MSS.
1387 4161 1486 4232 passim
