3196 5122
397 525 469 602 aba
578 525 801 595 VALERII
835 521 1041 592 MAXIMI
1075 524 1169 592 LIB.
1205 523 1281 591 111.

395 663 696 754 interrogatusque,
709 655 866 752 quidnam
880 654 921 724 de
936 678 976 723 eo
991 655 1089 724 statui
1103 653 1256 723 deberet:
1277 683 1294 718 ι
1304 653 1451 750 iugulari

397 791 468 853 me,
489 766 610 859 inquit,
621 763 714 857 jube3
731 764 808 857 quia
822 787 882 832 nec
897 759 1008 830 salutis
1023 759 1198 848 beneficio,
1215 785 1322 854 neque
1337 765 1451 832 mortis

397 869 557 966 supplicio
579 868 698 940 adduci
719 893 873 964 possum,
895 881 933 937 ut
953 881 1010 936 aut
1028 867 1164 936 Caesaris
1182 865 1275 935 miles
1290 891 1361 936 esse
1375 868 1452 938 desi·

396 1002 492 1063 nam,
514 990 568 1046 aut
592 990 667 1045 tuus
687 999 757 1044 esse
770 974 962 1068 incipiam.»
981 975 1144 1043 Caeterum
1163 998 1230 1066 quo
1252 976 1450 1044 constantius

396 1084 499 1152 vitam
517 1081 730 1176 contempsit,
752 1105 792 1149 eo
817 1077 942 1158 facilius
962 1080 1167 1173 impetravit;
1182 1080 1346 1150 Antonius
1366 1081 1450 1150 enim

396 1190 512 1258 virtuti
526 1188 596 1282 ejus
614 1185 872 1258 incolumitatem
892 1183 1032 1254 tribuit¹.

580 1387 634 1441 DF.
659 1384 939 1440 CONSTANTIA
962 1383 1276 1439 nxrnnnonntt.

457 1554 486 1600 r.
506 1527 686 1624 Complura
700 1529 838 1622 hujusce
857 1543 944 1598 notas
963 1551 1098 1596 romana
1117 1527 1266 1622 exempla
1281 1535 1452 1623 supet-anu

399 1635 456 1706 sed
471 1637 601 1704 satietas
620 1634 718 1704 modo
736 1633 869 1702 vitanda
887 1647 952 1702 est·
944 1636 1078 1728 ,itaque
1095 1631 1203 1703 stilum
1220 1658 1329 1702 meum
1345 1634 1389 1703 ad
1406 1660 1453 1702 er·

399 1757 493 1812 terna
506 1765 576 1834 jam
587 1737 715 1810 delabi
730 1741 927 1835 permittam.
943 1739 1095 1827 Quorum
1111 1741 1357 1870 principatum
1347 1755 1453 1810 teneat

399 1845 543 1918 Blassius
549 1873 661 1940 cujus
671 1848 853 1918 constantia
864 1844 944 1917 mhtl
956 1847 1169 1941 pertinacius;
1181 1831 1357 1940 Salapiam³
1368 1849 1452 1916 enim

402 1955 541 2048 patriam
560 1978 667 2042 suam,
688 1952 838 2048 praesidio
856 1954 977 2048 punico
995 1967 1207 2071 occupatam,
1225 1954 1386 2022 Romanis
1405 1977 1454 2022 cu

401 2062 493 2154 piens
512 2064 697 2149 restituere,
721 2060 876 2146 Dasium,
905 2059 1064 2128 acerrimo
1087 2059 1195 2129 studio
1218 2083 1329 2128 secum
1348 2061 1382 2127 in
1400 2057 1453 2126 ad-

402 2168 638 2237 ministratione
663 2165 849 2261 reipublice
874 2163 1099 2254 dissidentem,
1121 2180 1154 2234 et
1176 2164 1319 2260 alioquin
1346 2167 1453 2233 animo

447 2377 471 2410 r.
486 2359 590 2410 Tridur‘t.
601 2357 910 2411 Observanontanascri·
949 2368 1033 2428 putet,
1046 2355 1111 2428 quad
1123 2375 1171 2410 nan
1185 2356 1284 2410 libenter
1296 2368 1405 2428 pereant.
1425 2356 1456 2408 Il·

405 2449 513 2506 piorum
534 2454 613 2507 quam
634 2436 754 2488 omnium
778 2437 910 2488 bonorum
952 2436 1046 2490 lustrat
1067 2436 1145 2488 etism
1169 2437 1240 2490 bunc
1263 2438 1349 2508 ipsum
1370 2438 1454 2490 locum

406 2513 642 2580 consuetudinem,
661 2517 748 2568 serere
768 2515 807 2566 illi
827 2515 910 2588 perti,
953 2513 1026 2586 quod
1037 2516 1145 2570 Curtius
1158 2515 1249 2568 scribit
1261 2517 1306 2569 lib.
1319 2517 1389 2569 vm
1402 2535 1454 2586 cap.

406 2611 464 2664 qun
475 2592 579 2665 quidvis
587 2612 663 2666 agere
672 2613 702 2648 ac
710 2594 765 2666 pati
774 2607 863 2665 parata
872 2606 911 2648 est
957 2601 991 2658 ti
1003 2593 1037 2647 de
1046 2595 1132 2648 Poro:
1143 2596 1203 2648 Pius
1216 2596 1330 2648 ιιιοιιιιιᾰο
1338 2597 1454 2666 prefecit,

405 2691 456 2743 pro
466 2672 519 2726 lide
529 2672 664 2728 manda.
674 2673 717 2727 sie
726 2672 803 2726 dirus
812 2675 912 2745 Angus-
953 2693 1023 2746 quarn
1037 2678 1175 2746 siprseatas
1185 2687 1246 2728 esset
1254 2695 1263 2727 :
1272 2681 1358 2747 quappe
1369 2679 1456 2745 magni

406 2764 449 2805 tus
459 2751 576 2806 laudavit
592 2751 697 2820 Gallos,
710 2751 783 2826 quod
799 2767 858 2825 post
875 2755 912 2806 vi·
954 2753 1058 2805 tudinem
1074 2758 1147 2806 ιιιιὶιιιι
1160 2757 1211 2825 ejus
1225 2758 1373 2817 interritam,
1389 2775 1418 2806 arc
1429 2774 1456 2806 ne

407 2844 479 2884 ctum
492 2833 603 2886 Brutum
616 2845 727 2887 statuam
740 2834 796 2904 ejus
808 2852 862 2886 non
875 2852 912 2886 es·
949 2834 1052 2900 sortmsa
1062 2833 1154 2905 quiden
1166 2835 1304 2902 inflantem,
1316 2853 1364 2886 nan
1374 2838 1457 2886 ιιὶιιιὶ-

408 2925 466 2966 sent
476 2911 604 2966 demoliti.
616 2911 770 2984 Eodemque
778 2913 912 2984 pertinent
955 2912 1036 2964 cordia
1045 2912 1114 2964 modo
1125 2911 1248 2964 sedetiam
1259 2914 1348 2966 innare
1356 2918 1456 2983 cecinere

407 2990 452 3046 illa
468 2993 543 3046 Balbi
558 2989 629 3064 apud
640 2993 795 3048 Ciceronem
806 2993 852 3046 lib.
872 2993 912 3045 tx
955 2991 1069 3060 dignatur
1083 3005 1118 3043 est
1132 2992 1280 3044 Alexander.
1299 2993 1401 3046 Eximie
1413 2991 1456 3045 de·

407 3069 442 3124 ad
456 3073 573 3126 Atticum
588 3072 664 3143 epist.
680 3093 696 3142 9
715 3073 773 3126 :De
793 3085 816 3124 ts
827 3084 851 3124 st
872 3084 913 3124 tus
955 3069 1036 3141 nique
1049 3070 1146 3143 Seneca
1157 3071 1191 3124 ad
1204 3071 1325 3126 Helvium
1337 3091 1396 3144 cap.
1409 3073 1455 3126 13:

401 3149 455 3220 fide
470 3163 495 3204 et
504 3155 595 3222 pietate
614 3152 675 3202 idem
697 3153 825 3204 mehercule
839 3155 913 3204 sentia
957 3149 1009 3218 Qui
1016 3149 1126 3202 adrerm
1135 3155 1272 3204 sevissimos
1282 3171 1352 3204 cesus
1362 3172 1411 3204 sese
1422 3171 1458 3202 en

409 3231 473 3304 quod
493 3242 519 3282 tu
537 3249 689 3300 :nonpotse
709 3231 914 3297 tuarnsansanset
956 3228 1031 3290 tollit,
1047 3231 1205 3292 stromata,
1223 3231 1458 3302 quibaseit'iappri·

408 3308 647 3380 officusnsuattnere,
660 3320 777 3360 utcontra
785 3329 914 3372 canarno
957 3320 1062 3370 ιιιιιιιιιιι,
1074 3313 1168 3371 evertit,
1182 3313 1361 3382 panateria
1376 3311 1458 3377 insule·

402 3392 486 3456 serus,
499 3400 717 3462 aquatantunate
704 3387 915 3458 edeneficr'tonae·
956 3387 1167 3443 rumioeclsabet.

409 3488 495 3539 ceptam
501 3469 628 3540 praedicas
638 3469 679 3520 Ita
687 3467 731 3522 bro
740 3485 846 3539 quoque
856 3468 914 3521 Me
998 3487 1023 3520 a.
1041 3467 1138 3521 Doluit.
1161 3468 1260 3522 Passim
1276 3469 1366 3532 dilabi,
1380 3425 1408 3522 id
1422 3480 1457 3520 est

409 3549 507 3614 ιὶιιι,
496 3567 570 3620 quo
585 3547 667 3602 vitam
679 3547 839 3600 constantius
853 3566 915 3602 oon·
957 3547 1061 3618 regeri,
1076 3560 1106 3602 ut
1121 3547 1189 3600 inira
1201 3551 1238 3614 V,
1257 3567 1307 3615 ro,
1318 3549 1345 3602 3.
1401 3576 1403 3580 ·

411 3627 533 3697 tempsit,
552 3647 584 3680 eo
604 3627 732 3682 sscilius'
724 3626 909 3699 impetrarit.
998 3626 1167 3699 ..tataptan
1177 3627 1279 3700 Salapia
1288 3629 1351 3682 urbs
1359 3625 1457 3699 Apulus

411 3705 477 3771 Quae
487 3707 567 3759 verba
575 3709 602 3759 in
612 3708 729 3760 animum
736 3719 860 3761 oevocsnt
868 3708 914 3760 ob·
956 3707 1137 3772 Dauniorum,
1148 3709 1298 3762 meretricio
1309 3706 1458 3764 Hannibalis

410 3787 584 3840 servationem
594 3787 691 3858 Lipsii,
703 3787 806 3842 Satura.
819 3788 864 3842 lib.
872 3787 913 3852 11,
956 3805 1045 3840 amore
1058 3799 1129 3841 nota.
1141 3787 1198 3842 Lir.
1213 3789 1305 3842 xxvl
1315 3807 1322 3852 ς
1333 3787 1403 3840 Plio.
1411 3785 1458 3848 tn,

411 3883 467 3938 cap.
484 3884 536 3930 aa,
548 3865 576 3918 in
592 3885 636 3920 eos
650 3866 804 3939 gladiatores
822 3865 913 3920 odium
959 3885 984 3920 s.
998 3867 1048 3920 An.
1063 3867 1098 3920 U.
1114 3867 1180 3930 543.
1194 3899 1235 3910 -
1247 3867 1375 3937 Alioquin.
1387 3865 1458 3916 lianc

411 3945 504 4017 populi
517 3946 669 4012 inclinasse,
680 3948 725 4018 qni
736 3946 914 4000 submisissent
956 3965 1083 4010 rocem‚a
1094 3945 1187 4015 Pigbio
1196 3963 1333 4016 perperam
1339 3947 1457 4016 ejectum,

412 4041 482 4076 arma
491 4037 518 4076 et
529 4025 610 4079 vitam
625 4038 764 4098 rogassem.
777 4026 874 4080 Seneca
885 4025 913 4078 iu
956 4026 1025 4078 bene
1039 4024 1153 4078 restituit
1167 4025 1327 4085 Torrenius,
1345 4023 1458 4095 adstipu-

409 4101 456 4154 lib.
470 4103 484 4154 1
495 4100 529 4154 de
547 4104 605 4156 Ira:
619 4104 799 4158 Gladiatoribus
813 4106 914 4175 papulus
956 4104 1071 4158 lantibus
1081 4104 1156 4158 tibris
1166 4103 1270 4176 scriptis
1280 4115 1306 4156 et
1315 4101 1402 4156 editis.
1412 4104 1459 4155 Da-

410 4183 539 4249 imeitar,
553 4194 578 4232 et
593 4195 640 4234 tan
652 4187 740 4254 iniqie,
761 4195 789 4237 ut
802 4185 913 4252 ιἰιῘιιιὶιιιι
955 4183 1009 4237 sius
1020 4203 1074 4238 non
1089 4185 1173 4238 solutu
1191 4187 1219 4241 in
1235 4181 1458 4238 administratione
