3168 5124
413 459 491 548 434
606 457 827 528 VALERll
855 455 1065 526 MAXIMI
1093 456 1189 524 LIB.
1217 457 1281 526 vt

463 591 582 688 Viguit
601 591 765 662 innostra
783 590 917 660 civitate
932 589 982 658 Ti.
995 603 1030 657 ct
1047 589 1087 659 C.
1104 589 1337 660 Gracchorum
1353 613 1489 660 summa

411 701 587 788 nobilitas,
612 724 652 770 ac
674 723 748 794 spes
769 696 993 793 amplissima:
1015 695 1073 765 sed
1095 697 1173 791 quia
1195 709 1315 766 statum
1341 699 1488 769 civitatis

410 809 521 880 conati
536 821 632 878 erant
645 805 850 889 convellere,
864 801 1030 898 insepulta
1044 802 1207 872 cadavera
1220 803 1418 896 jacuerunt5
1436 831 1488 874 su

410 938 611 1014 premusque
632 913 787 984 humanas
812 909 1010 981 conditionis
1034 909 1143 980 honos
1166 909 1242 980 filiis
1263 911 1430 1000 Gracchi,
1451 930 1487 981 et

411 1018 609 1120 nepotibus¹
629 1019 776 1090 Africani
795 1018 921 1088 defuit:
940 1017 1136 1112 quinetiam
1154 1016 1332 1088 familiares
1350 1043 1486 1104 comm,

410 1155 453 1200 ne
470 1131 543 1225 quis
560 1125 750 1222 reipublice
769 1126 910 1196 inimicis
926 1123 1052 1194 amicus
1070 1148 1141 1194 esse
1153 1121 1270 1214 vellet,
1283 1123 1326 1194 de
1339 1123 1483 1196 robore²

410 1235 605 1334 praecipitati
624 1248 711 1303 sunt.

466 1371 499 1414 a.
527 1341 622 1410 Idem
645 1339 707 1410 sibi
735 1353 804 1410 tam
824 1335 922 1406 licere
941 1339 977 1406 P.
1000 1337 1134 1408 Mucius
1157 1321 1340 1408 tribunus³
1362 1337 1483 1434 plebis,

409 1476 510 1548 (pram
524 1449 654 1520 senatui
666 1461 701 1516 et
721 1443 847 1543 populo
860 1467 999 1515 romano
1011 1443 1168 1533 credidit,
1186 1446 1242 1540 qui
1254 1470 1374 1517 omncs
1393 1445 1485 1516 colle

410 1583 468 1656 gas
487 1580 579 1644 suos,
590 1556 648 1651 qui
665 1551 749 1624 duce
765 1556 821 1648 Sp.
837 1552 954 1622 Cassio
969 1549 1003 1620 id
1015 1567 1167 1648 egerant,
1182 1567 1219 1621 ut
1232 1554 1483 1647 magistratibus

341 1651 343 1658 i
410 1691 479 1734 non
497 1663 700 1758 subrogatis,
716 1660 904 1732 communis
921 1657 1054 1728 libertas
1075 1658 1267 1729 indubium
1287 1675 1482 1746 vocaretur,

412 1773 505 1842 vivos
528 1770 712 1840 cremavit:
730 1766 812 1837 nihil
836 1764 988 1862 profecto
1013 1765 1077 1836 hae
1103 1767 1278 1836 severitate
1303 1766 1483 1854 fidentius;

410 1903 497 1948 unus
514 1878 603 1946 eninr
628 1875 783 1946 tribunus
800 1897 874 1944 earn
893 1897 1026 1968 poenam
1038 1859 1182 1944 novem⁴
1201 1872 1340 1968 collegis
1363 1874 1483 1946 inferre

411 2011 510 2055 ausus
531 1999 604 2072 est,
630 2007 730 2078 quam
752 2005 874 2052 novem
901 1978 1027 2049 tribuni
1044 1981 1087 2048 ab
1115 2005 1182 2050 uno
1204 1978 1335 2076 collega
1352 1983 1483 2078 exigere

410 2092 686 2188 perhorruissent.

467 2195 500 2270 3.
532 2197 711 2268 Libertatis
737 2194 847 2264 adhuc
868 2208 980 2264 custos
1001 2209 1035 2264 et
1055 2191 1178 2263 vindex
1201 2193 1363 2265 severitas
1379 2181 1404 2282 ⁵3
1429 2196 1483 2266 sad

411 2332 473 2402 pro
496 2303 657 2399 dignitate.
681 2286 805 2372 etiarn⁶
821 2326 860 2373 ac
878 2327 940 2398 pro
965 2299 1140 2397 disciplina
1163 2325 1257 2396 aeque
1279 2305 1413 2398 gravis:
1436 2305 1480 2374 M.

411 2415 500 2482 eninr
515 2409 715 2482 Claudium⁷
732 2423 865 2480 senatus
882 2411 1014 2496 Corsis,
1029 2411 1108 2504 quia
1120 2423 1255 2502 turpem
1267 2434 1349 2480 cum
1365 2411 1420 2480 his
1431 2435 1482 2506 pa

411 2543 485 2588 cern
504 2517 645 2604 lecerat,
658 2515 783 2584 dedidit
797 2542 807 2604 ς
822 2539 921 2610 quern
933 2517 976 2586 ab
989 2515 1141 2586 hostibus
1155 2539 1226 2585 non
1244 2529 1438 2612 acceptum,
1448 2519 1480 2586 in

412 2708 484 2766 unde
493 2709 614 2764 Gronov.
626 2705 736 2778 conjicit
744 2725 822 2778 poenoe
831 2726 923 2772 vacua,
969 2727 1076 2763 sonore
1091 2707 1138 2780 Sp.
1160 2707 1252 2762 Cassio
1264 2705 1391 2779 impedire
1404 2710 1479 2762 nite-

411 2791 440 2846 id
455 2803 507 2856 est,
514 2809 593 2862 poeaoe
601 2785 804 2860 nornine‚quod
815 2805 870 2840 non
882 2785 927 2842 de·
969 2789 1081 2854 bantur,
1089 2805 1124 2840 ne
1136 2787 1256 2841 consules
1265 2787 1402 2858 ceterique
1415 2807 1475 2842 rna·

411 2869 536 2944 dignatur
548 2867 704 2924 Tor-reulus.
968 2867 1091 2940 ponatur
1106 2868 1320 2940 subtegmini,
1336 2885 1392 2938 quo
1408 2869 1477 2923 iaci·

455 2971 479 3006 r.
496 2949 640 3022 Nepotibur.
656 2947 697 3001 Ex
710 2945 843 3019 Scipionis
857 2947 927 3002 atri·
968 2947 1019 3024 lius
1031 2947 1180 3019 respublica
1196 2947 1399 3020 opprimeretur.

411 3033 469 3087 cani
484 3029 540 3086 iilia
557 3028 691 3085 Cornelia.
1011 3033 1038 3092 4.
1047 3027 1137 3080 Novem
1146 3027 1481 3098 collegriAEmtValerius,

453 3131 480 3166 a.
501 3109 604 3164 Robore.
620 3109 728 3176 Robur,
739 3119 770 3160 ut
783 3105 864 3160 tradit
874 3107 924 3160 Fe·
968 3106 1090 3160 nondum
1099 3107 1171 3160 enirn
1180 3121 1257 3160 erant
1266 3107 1359 3162 decem
1369 3109 1478 3164 wilsoni.

410 3205 482 3260 stus,
503 3191 533 3244 in
554 3206 658 3244 carcere
680 3185 780 3241 dicitur
795 3185 818 3240 is
834 3188 924 3252 locus,
968 3185 1032 3240 vid.
1043 3185 1152 3252 Liv.II‚
1162 3193 1196 3250 41
1209 3200 1237 3240 et
1247 3187 1294 3241 58.
1307 3187 1381 3242 Solet
1391 3203 1478 3244 aucus

410 3292 466 3345 quo
485 3267 687 3344 precipitantur
705 3265 827 3320 malefici.
843 3293 855 3316 ι
875 3265 926 3319 Per
968 3265 1063 3337 asapius
1075 3285 1217 3320 numerum
1230 3267 1272 3320 sui
1287 3269 1432 3340 temporis,
1442 3271 1479 3322 vel

410 3353 513 3426 aliquot
529 3347 586 3404 dies
600 3348 628 3400 in
643 3365 747 3400 carcere
761 3347 869 3414 servam
883 3347 925 3399 in·
968 3347 1016 3420 qui
1030 3346 1144 3400 florente
1155 3347 1294 3418 republica
1305 3347 1406 3419 viguit,
1415 3351 1480 3404 anti·

410 3433 445 3487 de
466 3443 558 3505 postea
577 3425 752 3499 deprompti,
774 3425 925 3499 praecipita·
968 3426 1029 3498 quis
1041 3425 1206 3498 temporibus
1218 3427 1349 3484 tribuere.

409 3515 517 3567 bantur.
531 3535 543 3558 ι
554 3507 648 3580 Lipsio
662 3505 747 3559 robor
758 3505 849 3576 potius
861 3525 926 3577 aup-
1011 3505 1480 3580 5.Smraas.an.U.517.Ammin.

409 3590 504 3664 prieti,
519 3607 600 3662 quam
618 3583 745 3642 custodite
759 3585 833 3639 locus
846 3585 926 3640 fuisse
968 3585 1053 3640 Marc.
1069 3585 1147 3652 XIV,
1163 3603 1208 3640 11.

408 3665 760 3726 videnu.VideSallustiam
771 3665 799 3718 in
811 3665 926 3719 Catilina
1009 3667 1035 3720 6.
1057 3665 1144 3718 Etiam
1164 3685 1194 3718 ac
1207 3686 1263 3738 pro.
1285 3659 1335 3720 Sic¹
1352 3687 1386 3721 ex
1404 3669 1480 3723 MSS.

408 3753 469 3817 LV;
482 3747 567 3802 Tacit.
582 3749 653 3801 Ann.
666 3743 718 3813 IV,
734 3763 784 3816 ²93
799 3745 924 3812 livium,
969 3743 1112 3799 duodecim
1120 3745 1276 3800 etomnibus
1282 3760 1346 3801 ante
1356 3749 1480 3820 Pigbinm

408 3827 538 3885 XXXIX,
968 3824 1043 3879 editt.
1064 3825 1209 3880 Turranius
1225 3827 1353 3882 restituit.
1371 3829 1427 3882 Pro
1446 3843 1481 3882 ta·

450 3912 477 3964 3.
504 3908 624 3962 Tribunus
634 3905 720 3978 plebis.
738 3906 789 3958 An.
805 3905 839 3958 U.
857 3909 922 3962 268.
967 3925 1028 3960 men
1038 3903 1080 3958 ed.
1090 3918 1142 3959 vet.
1154 3917 1181 3959 et
1190 3905 1293 3978 aliquot
1306 3907 1386 3961 MSS.
1402 3909 1481 3962 omit·

409 3988 474 4043 vid.
487 3991 611 4042 Zonaras.
625 3987 732 4052 Quanta
747 3985 828 4038 fuerit
838 3985 923 4038 tribu·
967 3997 1036 4040 tunt.
1045 3985 1165 4056 Pighius,
1176 3987 1264 4040 Coler.
1274 3989 1430 4042 etVorstius
1438 3987 1480 4040 de·

408 4087 506 4121 norum
516 4069 556 4140 pl.
566 4065 757 4139 potestas‚lroc
770 4065 922 4137 exemplum
967 4063 1061 4119 derant
1070 4085 1112 4132 aa,
1124 4065 1220 4119 omisso
1232 4069 1305 4118 etiam
1318 4081 1346 4120 et
1353 4089 1412 4141 pro.

408 4159 528 4200 testatur,
537 4179 577 4191 -
587 4147 707 4214 Egeram.
719 4145 835 4200 Comitia
849 4144 921 4198 enirn
1007 4165 1034 4218 7.
1043 4145 1068 4200 C
1066 4145 1180 4200 laudium,
1187 4145 1279 4201 Primo
1288 4150 1390 4220 punico
1399 4149 1477 4204 bello.
