3190 5122
347 507 453 576 CAP.
482 505 580 591 VII,
608 507 676 574 DE
703 504 963 573 AMICITIA.
1109 503 1185 601 319

128 637 301 726 vulnera¹,
332 652 537 730 mortemque
574 637 673 706 morti
702 636 917 705 inhaerentem
946 635 1084 724 ridere,
1116 637 1187 708 haec

129 745 224 818 sunt²
245 767 323 813 vera
345 767 489 812 romana
513 744 662 812 amicitiae
684 725 832 810 indicia:
859 741 913 809 illa
935 745 1042 836 gentis
1062 691 1104 812 rid
1126 743 1188 812 fin·

130 852 275 948 gendum
293 865 416 946 paratae
433 864 582 918 monstro
599 847 716 917 similia
739 847 917 916 mendacia.

184 957 217 1030 5.
246 961 286 1026 L
309 981 440 1051 quoque
458 940 651 1024 Petronius³
671 954 809 1046 hujusce
823 953 926 1022 laudis
943 957 1187 1026 consortionem

128 1066 248 1136 merito
266 1063 431 1146 vindicat3
454 1063 525 1156 pari
548 1063 667 1130 etenim
695 1059 823 1153 inclytae
845 1062 995 1129 amicitiae
1020 1086 1101 1130 ausu
1127 1087 1189 1156 par

129 1171 242 1266 gloriae
256 1172 363 1264 portio
379 1168 552 1238 asserenda
566 1155 645 1236 est.
656 1166 843 1235 Admodum
859 1167 973 1234 humili
988 1165 1061 1236 loco
1074 1183 1188 1258 natus,

128 1277 174 1346 ad
201 1291 384 1370 equestrem
413 1274 579 1360 ordinem,
600 1288 632 1341 et
654 1271 830 1390 splendidas
858 1271 982 1340 militias
1010 1275 1189 1366 stipendia,

130 1386 169 1450 P.
192 1381 282 1452 Caelii
302 1381 464 1451 beneficio
479 1393 696 1474 pervenerst3
711 1379 763 1446 cui
782 1393 912 1471 gratum
933 1379 1098 1466 animum,
1112 1382 1189 1472 quia

130 1491 167 1557 in
188 1489 260 1558 laets
276 1490 414 1558 materia
435 1488 589 1554 exhibere
606 1511 673 1552 non
691 1486 890 1578 contigerat,
906 1485 940 1552 in
956 1507 994 1552 ea
1008 1508 1105 1578 quam
1125 1486 1190 1552 ini-

130 1620 232 1688 quam
253 1595 386 1664 fortuna
401 1619 471 1662 esse
491 1592 615 1678 voluit,
634 1615 709 1658 cum
730 1589 834 1658 multa
853 1589 917 1660 side
936 1591 1093 1684 prostitit.
1110 1593 1193 1660 Erat

132 1700 175 1769 ab
199 1702 341 1769 Octavio
369 1697 503 1766 consule
523 1697 695 1766 Placentiae
716 1697 908 1790 praepositus
927 1696 1068 1782 Caelius3
1086 1719 1152 1790 qun
1172 1721 1194 1764 a

133 1809 288 1875 Cinnano
302 1806 445 1873 exercitu
460 1819 574 1898 capta,
587 1818 621 1872 et
635 1804 742 1871 senior
752 1803 838 1896 jam,
852 1817 885 1870 et
898 1805 990 1896 gravi
1006 1801 1193 1872 valetudine
1264 1799 1267 1806 ¹

133 1911 292 1996 affectus,
307 1935 349 1977 ne
369 1912 403 1978 in
424 1924 620 2004 potestatem
644 1909 788 1976 hostium
807 1910 955 1994 veniret,
973 1908 1014 1975 ad
1037 1909 1193 1976 auxilium

134 2017 260 2084 dextrae
283 2019 426 2084 Petronii
452 2016 626 2110 confugit:
649 2039 747 2108 quem
775 2016 803 2082 is
828 2013 874 2080 ab
898 2015 1030 2108 incepto
1058 2013 1194 2082 consilio

135 2123 261 2190 frustra
279 2136 416 2190 conatus
431 2122 636 2208 abstrahere,
651 2123 684 2187 in
703 2119 816 2189 iisdem
835 2133 1098 2213 perseverantem
1121 2145 1194 2215 pre-

135 2228 232 2297 cibus
251 2229 432 2314 interemit,
448 2227 592 2322 caedique
607 2227 677 2320 ejus
696 2250 788 2294 suam
801 2227 977 2318 junxit3ne
996 2249 1035 2293 eo
1050 2226 1195 2318 jacente,

135 2359 199 2427 per
217 2357 314 2426 quem
333 2336 443 2402 omnin
461 2333 628 2426 dignitatis
649 2335 851 2400 incrementa
867 2346 1059 2425 assequutus
1072 2331 1197 2421 fuerat,

137 2455 332 2533 superesset
361 2443 412 2507 Ita
437 2439 571 2507 alterius
599 2438 667 2504 fato
696 2437 909 2524 verecundia,
934 2438 1065 2506 alterius
1090 2441 1198 2532 pietas

136 2569 272 2613 causam
294 2529 461 2639 praebuit⁵.

194 2648 228 2718 6.
248 2649 440 2744 lungendus
459 2663 509 2718 est
526 2650 680 2717 Petronio
698 2649 766 2716 Ser.
781 2633 974 2717 Terentius⁶
980 2673 1199 2769 ‚quamquam

137 2757 187 2842 ei,
208 2757 291 2824 sicut
307 2757 471 2850 cupierat,
487 2781 576 2874 pro
566 2757 746 2824 amicosuo
767 2755 872 2848 perire
888 2780 955 2821 non
977 2757 1130 2849 contigit,
1151 2759 1199 2824 in·

136 2877 239 2956 cepto
251 2887 393 2956 namque
412 2864 560 2956 egregio,
575 2887 641 2930 non
657 2864 749 2928 irrito
761 2874 901 2946 eventu,
915 2861 1066 2928 testimari
1080 2860 1201 2948 debet,

138 3072 203 3105 rum
213 3088 220 3115 ,
232 3051 317 3104 fabula
332 3052 435 3104 facilior
450 3052 501 3103 erit
515 3050 650 3121 explicita.
737 3055 762 3112 4.
779 3049 1023 3102 Pari.....usrerenala
1036 3061 1078 3102 est.
1091 3050 1203 3105 Sensus.

187 3147 211 3180 1.
220 3131 361 3181 Vulneribus
371 3135 457 3182 innexo
465 3130 574 3182 numera.
583 3131 653 3194 Quia
696 3129 835 3180 Petronius
851 3129 900 3180 sihi
914 3127 1048 3181 vindicare
1058 3142 1143 3200 potest
1155 3149 1202 3202 pa·

139 3209 269 3279 adjuncta
278 3221 340 3260 sunt
351 3211 459 3260 vulnera
469 3209 598 3280 posterius
607 3227 654 3262 οω-
696 3225 753 3260 rem
764 3209 854 3278 gloriae
864 3209 1028 3278 portionem,
1042 3221 1091 3260 etc.
1101 3209 1155 3261 Pro
1163 3229 1203 3260 os·

139 3291 164 3342 si
178 3286 214 3340 ad
229 3289 335 3340 vulnera
347 3289 422 3358 prius
433 3289 500 3339 cassi.
696 3287 794 3339 serenda
814 3288 924 3358 plurimi
941 3287 1020 3340 codd.
1040 3287 1114 3340 MSS.
1130 3290 1204 3342 exhi·

188 3387 215 3420 π.
226 3367 297 3420 Sunt.
306 3369 383 3420 Deest
392 3365 463 3437 apud
471 3364 568 3419 Aldum
578 3369 654 3421 alios·
697 3369 761 3420 bent
774 3367 919 3433 auser-eada,
933 3365 1006 3437 qnod
1019 3369 1164 3422 Torrenius
1179 3379 1204 3421 et

140 3465 209 3519 que.
698 3447 818 3518 Kappius
832 3445 980 3499 ediderunt.

188 3526 216 3577 3.
235 3526 265 3576 L.
282 3545 372 3596 quoque
384 3525 525 3590 Petronius,
540 3537 589 3577 eto.
605 3527 655 3579 An.
741 3528 766 3578 5.
776 3527 816 3577 ra
830 3527 927 3577 alterius
931 3565 976 3578 .....
975 3547 994 3595 p
994 3525 1088 3579 roebait.
1097 3526 1204 3598 Pighius

142 3608 181 3658 U.
200 3608 267 3657 666.
285 3605 416 3674 Contigit,
429 3623 511 3676 qaum
530 3606 614 3658 Cinna
630 3618 657 3657 et
699 3623 730 3657 ex
741 3624 796 3656 uno
808 3604 1062 3658 cod.Winclieliano
1072 3625 1122 3678 pro
1137 3627 1205 3660 oere-

142 3684 250 3738 Marius
272 3696 332 3754 post
355 3685 475 3736 exsilium
499 3685 656 3738 Placentiam
700 3685 786 3736 candia
807 3683 891 3736 edidit
911 3689 1093 3753 magnanimitas
1104 3707 1115 3748 ;
1133 3689 1207 3758 qussi

145 3766 244 3818 urbem
271 3777 463 3834 oppugnarent.
486 3765 554 3816 Nam
576 3783 657 3834 quum
701 3763 1208 3838 n‹›netverecundiacauumfatopraea

143 3844 248 3916 recepti
258 3841 459 3914 ingrederentur
470 3845 576 3906 urbem,
588 3863 658 3896 earn·
701 3843 788 3894 buisse
802 3841 854 3894 dici
870 3843 960 3913 possit.

144 3921 660 3995 queselutcaptsmcadibusacrspinis
744 3925 770 3974 6.
786 3921 838 3973 Ser.
863 3923 992 3974 Terentius.
1014 3923 1064 3975 An.
1085 3922 1120 3976 U.
1140 3941 1206 3994 710.

145 4015 297 4062 vastarent,
318 3999 444 4056 Octs'vius
461 4022 514 4055 una
531 4003 660 4056 castaliis
703 3999 774 4052 Vide
781 4001 863 4053 Dion.
879 4005 930 4066 46,
944 4003 1150 4073 quiTerentium
1161 4023 1208 4056 vo·

145 4081 306 4135 adversaris
319 4083 439 4136 factionis
450 4083 585 4138 nobilibus
595 4082 662 4136 oooi·
703 4093 746 4132 cst
758 4080 857 4132 Elbianr
868 4081 989 4146 Blasr'um,
1004 4100 1113 4155 remque
1125 4083 1210 4142 mutto

146 4179 194 4216 eus
210 4175 256 4214 est.
706 4159 781 4213 aliter
793 4173 890 4216 amat.
