3196 5122
283 577 290 596 ‚
333 500 440 570 CAP.
469 501 528 586 ll,
556 501 624 568 DE
651 501 1034 574 FORTITUDINE.
1142 509 1218 606 ‘193

155 636 262 722 tibus,
276 631 379 702 classe
390 631 584 726 Hispaniam
596 646 729 726 petens,
744 658 848 727 quum
865 635 1151 708 animadvertisset
1165 665 1222 710 na·

156 767 252 826 vem,
274 764 339 834 qua
355 739 555 827 vehebatur,
575 737 618 808 ab
632 738 783 808 hostibus
797 754 943 834 captam,
960 741 1069 836 gladio
1084 771 1223 839 praecor

153 847 211 916 dia
231 871 292 916 sua
315 844 611 930 transverberavit,
639 869 679 914 ac
696 845 814 914 deinde
836 861 1021 940 prostratus
1041 851 1073 918 in
1096 857 1221 949 puppi,

155 953 379 1048 quaerentibus
387 952 579 1022 Caesarianis
590 949 762 1040 militibus,
776 953 916 1022 ahmam
924 959 1218 1051 εεεετιὶνφεναιὸν,

156 1059 327 1155 respondit
348 1085 355 1127 :
378 1062 574 1155 Imperator
593 1057 678 1126 bene
694 1082 732 1126 se
749 1058 874 1144 habet,·
893 1073 1087 1155 tantumque
1112 1063 1221 1160 eloqui

154 1165 275 1254 valuit,
292 1179 453 1260 quantum
471 1163 514 1233 ad
531 1163 715 1233 testandam
735 1165 835 1236 animi
849 1165 1077 1237 fortitudinem
1091 1185 1221 1242 aeternae

155 1272 246 1342 laudi
263 1273 342 1342 satis
364 1285 443 1340 erat

216 1381 271 1465 id.
280 1379 342 1446 Tui
356 1401 488 1472 quoquc
501 1375 671 1446 clarissimi
684 1401 850 1466 excessus,
865 1377 979 1466 Cato¹,
993 1381 1093 1452 Utica
1107 1408 1220 1454 monu-

157 1500 305 1566 mentum
334 1497 399 1570 est,
423 1486 457 1552 in
482 1508 547 1577 qua
573 1509 615 1552 ex
638 1481 821 1554 fortissimis
846 1485 1038 1556 vulneribus
1060 1489 1125 1558 tuis
1146 1489 1219 1584 plus

152 1591 285 1686 gloriae,
298 1615 397 1686 mam
406 1591 591 1684 sanguinis,
605 1593 762 1658 manavit.
775 1591 944 1685 Siquidem
957 1595 1219 1666 constantissime

67 1719 70 1726 ’
154 1703 192 1768 in
206 1697 352 1795 gladium
366 1694 603 1782 incumbendo,
615 1719 771 1789 magnum
784 1696 974 1767 hominibus
983 1698 1220 1773 documentum

153 1805 292 1890 dedisti,
306 1816 430 1897 quanto
444 1803 553 1895 potior
567 1825 636 1870 esse
652 1800 770 1870 debeat
783 1802 895 1896 probis
904 1802 1045 1897 dignitas
1055 1807 1126 1874 sine
1137 1810 1204 1878 vita

155 1936 255 2007 quam
275 1911 343 1978 vita
364 1909 433 1976 sine
453 1904 636 2001 dignitate?

217 2013 272 2086 15.
296 2014 401 2106 Cujus
421 2009 488 2081 filia
507 2013 642 2081 minime
658 2011 830 2082 muliebris
845 2013 982 2084 animi²:
1005 2003 1096 2112 quae³
1117 2045 1219 2114 quum

156 2123 252 2191 Bruti
272 2121 335 2188 viri
353 2119 404 2190 sui
421 2115 611 2206 consilium,
628 2118 719 2212 quod
733 2118 774 2188 de
787 2121 1014 2192 interficiendo
1026 2127 1157 2196 Caesare
1170 2153 1219 2197 ce

156 2241 271 2324 perat,
296 2251 334 2294 ea
359 2238 473 2310 nocte,
499 2249 598 2318 quam
624 2224 694 2294 dies
716 2227 876 2294 teterrimi
898 2227 976 2298 facti
997 2245 1128 2300 secutus
1149 2247 1217 2322 est,

153 2333 381 2430 cognovisset,
401 2355 532 2424 egresso
556 2329 745 2400 cubiculum
767 2335 888 2419 Bruto,
912 2331 1080 2404 cultellum
1102 2351 1215 2409 tonso·

152 2442 240 2510 rium
255 2439 347 2534 quasi
360 2438 522 2531 unguium
542 2435 797 2532 resecandorum
811 2463 909 2506 cansa
928 2443 1096 2536 poposcit,
1110 2467 1215 2539 eoque

153 2544 246 2616 velut
266 2545 352 2614 forte
369 2539 502 2637 elapso,
518 2567 553 2612 se
567 2541 775 2630 ⁸vulnerarit;
792 2541 935 2614 clamore
948 2546 1065 2617 deinde
1081 2549 1212 2620 ancilla·

1210 1863 1220 1898 2

153 2678 228 2722 rum
240 2655 275 2720 in
284 2643 475 2720 cubiculum
489 2664 663 2719 revocatus
674 2652 809 2738 Brutus,
822 2651 999 2747 objurgare
1012 2679 1084 2723 eam
1099 2660 1213 2751 coepit,

153 2759 243 2855 quod
261 2758 404 2827 tonsoris
425 2756 646 2850 praeripuisset
661 2755 827 2825 officium:
846 2759 900 2826 cui
921 2774 1047 2828 secreto
1066 2751 1212 2848 Porcial,

150 2961 340 3036 proposuisse,
352 2960 389 3012 ita
408 2969 438 3011 nt
455 2976 516 3010 cum
527 2957 603 3010 hoste
618 2957 660 3010 in·
705 2957 864 3028 Carthagine
889 2955 1024 3024 distabat,
1047 2971 1077 3011 ut
1101 2973 1211 3017 restatur

151 3040 258 3096 terdum
264 3037 390 3111 congredi
396 3037 659 3108 cogeretur,etquasi
703 3038 840 3108 Appianas
851 3074 859 3098 ,
870 3055 960 3090 remus
968 3055 1097 3092 manum.
1111 3041 1128 3092 J
1130 3044 1208 3097 urtin.

151 3119 245 3175 eadem
256 3121 402 3173 iomannes
411 3117 518 3168 nomine
527 3115 660 3188 Scipionis
702 3115 749 3168 lib.
771 3115 886 3179 XVIII,
910 3116 1055 3186 Tyriorum
1078 3120 1209 3176 coloniam

151 3213 280 3254 uteretur.
293 3199 424 3250 Caeterum
436 3195 469 3248 de
482 3195 612 3266 Scipionis
623 3207 660 3248 at·
703 3195 782 3248 fuisse
797 3193 918 3247 affirmat.
939 3196 1102 3268 Antiquitate
1115 3202 1208 3271 praefe-

151 3298 206 3352 que
220 3278 327 3332 Catonis
341 3289 427 3328 morte
442 3275 491 3346 leg.
506 3273 606 3330 ,Cassan
625 3273 659 3326 de
702 3275 809 3326 rebatur
826 3275 986 3346 Carthagini.
1001 3275 1062 3330 Vid.
1080 3279 1125 3332 Sil.
1149 3281 1208 3334 Ital.
1256 3301 1258 3304 ·

153 3361 186 3412 B.
201 3358 257 3410 Ati.
277 3375 334 3428 cap.
350 3357 386 3422 96
403 3365 430 3406 et
444 3356 498 3421 89,
514 3367 540 3406 et
554 3353 659 3406 Seneca
701 3353 752 3405 111.
766 3353 883 3406 Velleius
895 3354 1023 3409 Patercul.
1040 3358 1109 3410 circa
1126 3358 1209 3414 Codri

151 3439 232 3511 epist.
248 3433 282 3489 ad
296 3433 429 3486 Lucilium
446 3433 492 3486 25.
702 3445 820 3504 tempora
838 3434 934 3504 Tyrios
956 3437 1045 3506 paucis
1059 3437 1134 3490 suuis
1148 3452 1208 3511 post

198 3536 222 3570 r.
246 3515 315 3569 Cato.
333 3513 411 3566 Hunc
422 3512 509 3566 Caesar
521 3509 609 3564 dicere
622 3531 659 3564 so·
702 3510 788 3565 Gades
799 3513 903 3566 Uticam
916 3513 1064 3568 condidisse
1078 3517 1167 3572 refert.

147 3599 216 3652 litus
235 3607 311 3660 erat,
333 3589 457 3645 invidisse
478 3591 656 3662 gloriae'suaa,
743 3612 769 3645 a.
792 3593 866 3663 Cujus
879 3592 977 3662 filim...
1002 3599 1083 3649 animi.
1106 3598 1155 3652 An.
1172 3599 1206 3652 U.

149 3675 226 3749 quod
241 3676 290 3728 sub
305 3675 361 3744 ejus
372 3671 496 3723 noluisset
509 3689 564 3722 esse
574 3670 658 3742 impe·
703 3689 769 3740 7⁰9·
784 3671 852 3724 Plut.
865 3672 894 3725 in
906 3673 998 3728 anto.

150 3757 204 3810 rio.
220 3755 287 3808 Cato
306 3751 392 3815 enim,
408 3750 457 3802 nisi
474 3749 542 3802 liber
556 3762 583 3803 et
597 3769 658 3802 cum
743 3751 768 3804 3.
798 3751 868 3820 (luce.
890 3751 952 3807 llaec
972 3753 1067 3806 vocula
1085 3754 1206 3812 Periaou.

149 3833 291 3907 dignitate,
302 3833 392 3884 vivere
403 3830 497 3884 noluit.
507 3861 547 3872 -
557 3832 606 3882 An.
623 3829 656 3883 U.
701 3842 821 3901 suspecta
834 3843 886 3894 esta
903 3829 976 3884 haud
988 3845 1072 3900 recte,
1085 3837 1190 3907 opinor.

152 3911 425 3986 7⁰7.Plut.dppian.
442 3908 659 3963 Civ.II.--Uer'·
743 3916 768 3974 4.
792 3911 887 3964 Porcia.
909 3911 972 3964 Ilaec
992 3925 1100 3983 postea,
1119 3916 1208 3972 audita

149 4015 190 4048 ca.
200 3993 360 4048 Punicarum
372 3991 400 4042 in
410 3991 496 4043 Africa
505 3989 658 4052 urbium,ei
701 3989 791 4041 mariti
805 4002 907 4054 morte,
927 3991 970 4042 cui
984 4011 1118 4063 superesse
1133 3999 1207 4052 nullo
1276 4012 1279 4018 “

150 4075 338 4146 Carthaginem
351 4069 456 4136 demas,
470 4070 538 4122 nulli
550 4067 659 4122 cedebat
701 4066 782 4121 modo
805 4069 997 4137 constituisset,
1017 4075 1143 4130 carbones
1169 4098 1208 4134 ar.

150 4155 239 4208 Utica.
263 4151 402 4223 Sexaginta
423 4163 512 4206 autern
538 4147 628 4204 stadiis
643 4167 658 4204 a
701 4147 793 4202 demes
809 4149 834 4200 in
850 4168 878 4206 οι
888 4152 1000 4222 conjecit
1014 4171 1044 4206 ac
1058 4153 1206 4224 mactavit,

203 4265 233 4330 I.
982 4257 1025 4330 13
