3184 5132
273 525 380 596 CAP.
409 525 477 613 IV,
504 525 574 594 DE
608 525 978 597 SPECTACULIS.
1089 551 1157 624 ¹¹7

95 653 223 726 licosis¹
241 655 396 751 operibus
407 669 595 724 revocatam
607 709 616 743 ‚
630 655 801 724 domestici
814 671 914 751 atque
925 658 1070 726 intestini
1083 657 1160 728 mali

96 787 176 832 cura
197 761 378 848 afflixerat,
402 761 536 856 jamque
561 760 635 857 plus
660 764 694 830 in
716 765 877 856 exquisito
899 778 932 834 et
953 789 1041 833 novo
1067 765 1160 834 cultu

97 867 276 963 religionis,
302 891 401 962 quam
429 869 463 936 in
491 867 559 936 ullo
585 868 732 937 humano
760 868 896 938 consilio
922 871 1065 964 positum
1087 873 1159 966 opis

96 975 286 1059 videbatur3
304 977 413 1068 itaque
431 973 582 1070 placandi
597 972 732 1042 caelestis
748 975 891 1044 numinis
907 978 1013 1070 gratia
1028 1002 1158 1072 compo

97 1083 164 1149 sitis
182 1078 400 1150 carminibus²
420 1104 541 1152 vacuas
555 1102 651 1148 aures
664 1080 823 1174 prebuit,
838 1081 881 1150 ad
893 1081 927 1149 id
940 1096 1069 1177 tempus
1090 1085 1156 1152 cir-

97 1189 185 1256 censi
203 1185 392 1280 spectaculo
410 1200 582 1272 contenta,
602 1185 691 1280 quod
712 1188 838 1281 primus
856 1185 1038 1274 Romulus,
1056 1191 1157 1283 raptis

97 1293 278 1388 virginibus
292 1292 428 1390 sabinis,
445 1291 660 1364 Consualium
674 1295 808 1362 nomine
820 1291 1000 1362 celebravit
1009 1320 1016 1361 :
1025 1318 1157 1382 verum,

96 1413 132 1466 ut
156 1413 205 1467 est
226 1424 298 1468 mos
320 1398 492 1468 hominum
515 1397 654 1494 parvula
670 1399 761 1468 initia
779 1401 940 1494 pertinaci
955 1398 1063 1468 studio
1080 1426 1157 1496 pro-

96 1504 269 1599 sequendi,
289 1503 531 1574 venerabilibus
548 1529 626 1600 erga
645 1505 724 1574 deos
742 1491 871 1574 verbis³
889 1507 1060 1599 juventus,
1083 1505 1157 1574 rudi

94 1625 194 1704 atque
211 1613 430 1706 incomposito
449 1626 542 1680 motu
559 1635 736 1706 corporum
752 1611 957 1704 jocabunda‚
975 1625 1086 1706 gestus
1101 1611 1157 1679 ad-

91 1715 191 1808 jecit3
209 1741 312 1811 eaque
333 1742 385 1786 res
403 1703 551 1785 ludium⁴
573 1743 613 1785 ex
638 1719 795 1787 Hetruria
817 1717 1001 1787 arcessendi
1024 1741 1157 1786 causam

95 1823 239 1915 praebuit
257 1875 267 1908 ‚
288 1823 382 1915 cujus
399 1822 521 1891 decora
542 1824 717 1914 pernicitas
735 1837 865 1891 vetusto
885 1848 926 1891 cx
947 1848 1039 1891 more
1054 1825 1158 1892 Cure·

94 1915 188 1995 tum⁵
204 1928 456 2021 Lydorumque,
470 1951 490 1994 a
504 1919 623 2020 duibus
635 1929 788 1997 Hetrusci
799 1930 959 2022 originem
973 1942 1158 2016 traxerunt,

139 2146 162 2179 1.
182 2127 316 2180 Bellicum.
339 2128 408 2193 Atii,
428 2127 539 2190 bellicis:
559 2126 606 2182 sed
692 2128 914 2182 3.Verba.1rain
926 2127 1004 2182 codd.
1016 2129 1090 2184 MSS.
1100 2131 1159 2200 plu-

91 2207 215 2258 bellr'eostr
227 2206 342 2259 restituit
353 2208 465 2260 Torren.
649 2208 732 2261 rimis.
738 2209 818 2262 Pauci
824 2209 915 2279 legunt
920 2209 1159 2281 obsequen-Ituci

137 2305 166 2339 π.
179 2285 344 2348 amanum,
358 2287 376 2339 i.
386 2305 409 2340 e.
416 2285 605 2358 hymnis‚qui·
649 2300 719 2359 atque
735 2291 896 2358 incomposito.
912 2286 1049 2357 Ejmmodi
1064 2289 1158 2340 carmi·

93 2367 144 2418 hus
164 2363 279 2418 deorum
290 2364 380 2419 laudes
392 2367 604 2420 continebantur.
647 2367 814 2435 ns,saturnio
820 2379 905 2420 metro
914 2367 1154 2438 compositu‚erant

94 2477 134 2486 -
148 2445 196 2498 Aa
209 2445 238 2496 id
250 2458 348 2516 tempus.
361 2445 484 2517 Pighius,
501 2464 533 2498 ex
544 2443 603 2498 ood.
641 2448 794 2514 saaraim,
805 2445 839 2499 de
852 2446 947 2518 quibua
955 2447 1099 2500 Horatim:

94 2524 196 2578 Cauch.
210 2523 314 2578 addidit
322 2525 521 2598 usqus5f1'ustra.
530 2525 603 2578 Vett.
646 2533 764 2572 Fescennina
778 2546 814 2586 per
826 2532 878 2572 hune
890 2534 969 2573 inventu
979 2533 1057 2573 liuenti·
1068 2547 1154 2580 monn,

93 2601 157 2658 edd.
172 2605 316 2668 omittunt,
336 2623 423 2676 neque
437 2623 537 2657 novum
549 2617 605 2669 est,
645 2603 740 2642 thllm
751 2602 831 2642 literni!
842 2603 947 2658 opprobii·
959 2605 1031 2644 mlle!
1043 2603 1101 2644 fidit.

95 2703 168 2756 usque
179 2684 208 2736 in
224 2685 320 2736 talibus
335 2703 390 2736 non
407 2683 478 2737 addi.
491 2715 530 2726 -
547 2685 603 2738 Cir·
646 2717 686 2727 —
697 2681 846 2737 Geatru...ld
855 2684 1030 2739 imitationem
1038 2683 1154 2738 ludionia

93 2767 166 2817 censi.
186 2761 251 2816 Cri-ci
262 2761 343 2816 modo
357 2763 534 2835 spectaculum
546 2765 604 2816 fue·
645 2763 770 2816 hetrusci.
784 2764 841 2817 Liv.
856 2765 920 2816 vn.

94 2855 149 2907 rat,
167 2855 306 2914 antequam
321 2841 379 2894 ludi
392 2843 486 2896 scenici
500 2842 604 2896 oriren-
688 2849 713 2906 4.
731 2843 842 2896 Ludium.
864 2843 1004 2897 Nonnullis
1019 2843 1096 2895 ludios
1110 2843 1155 2896 hic

94 2933 147 2974 tur.
162 2921 221 2976 Liv.
232 2921 303 2989 vll,
316 2942 341 2976 n.
354 2955 394 2965 -
407 2923 529 2975 Romulus.
539 2922 604 2988 Hic,
647 2919 815 2974 scribendum
825 2920 945 2987 videtur,
960 2935 986 2974 et
998 2923 1078 2992 paulo
1096 2935 1157 2993 poet

92 3020 179 3072 quum
197 3001 324 3073 equestris
343 3002 430 3074 imago
451 3003 559 3073 Neptuni
576 3001 604 3054 in
647 3021 744 3072 quorum
759 3020 809 3073 pro
820 3004 895 3072 cujus.
911 3000 963 3054 Sed
977 3019 1089 3053 numero
1100 3003 1154 3054 siu·

94 3079 274 3134 fundamentis
285 3081 358 3134 urbis
372 3094 439 3134 esset
450 3094 569 3154 reperta,
580 3083 604 3136 ei
646 3082 730 3152 gulari
741 3099 792 3152 pro
803 3081 900 3152 plurali
913 3093 980 3133 auct.
993 3099 1048 3133 non
1060 3081 1154 3134 vitiose

94 3158 190 3226 ludos,
205 3173 305 3232 quanto
324 3163 411 3231 potuit
429 3161 544 3214 maximo
557 3181 604 3232 ap·
647 3173 776 3224 nearest,
795 3177 844 3212 nec
861 3159 931 3212 ullus
945 3157 1004 3212 ood.
1019 3159 1075 3212 MS.
1091 3160 1154 3212 huic

94 3253 191 3311 pantu
201 3241 328 3304 instituit,
341 3253 368 3294 et
380 3241 493 3312 populos
503 3241 604 3294 vicinos
647 3238 825 3293 emendationi
840 3239 918 3292 lavet.

94 3319 126 3372 ad
134 3339 183 3372 eos
194 3317 348 3390 spectandos
355 3320 559 3374 invitavitlniis
566 3321 604 3373 fa·
690 3319 715 3372 5.
731 3318 852 3372 Curetum.
869 3319 993 3381 Curetes,
1013 3319 1087 3370 natio
1097 3335 1154 3370 cre-

94 3413 152 3452 ctus
161 3410 201 3452 est
207 3397 343 3468 virginum
350 3399 498 3452 sabinarum
504 3411 603 3470 raptus.
648 3398 715 3464 tica,
725 3417 783 3470 quae
795 3398 847 3450 hoc
865 3397 978 3452 cauendi
993 3395 1157 3466 saltandique

95 3476 201 3531 Deinde
230 3477 358 3529 Romulus
386 3477 454 3530 hunc
487 3477 605 3548 Neptuni
648 3495 730 3548 genus
753 3477 839 3548 prima
857 3478 987 3530 invenisse
1005 3474 1103 3528 dicitur
1122 3472 1155 3528 ad

95 3557 238 3630 imaginem
253 3555 357 3609 Consum
369 3567 395 3609 et
407 3555 483 3610 ludos
496 3557 605 3610 Consua-
648 3575 725 3610 usum
737 3557 853 3620 militiae,
866 3557 920 3610 sive
933 3553 966 3608 ad
980 3555 1080 3606 cultum
1091 3551 1155 3606 deo·

95 3637 128 3688 lia
141 3636 267 3690 vocavit:
279 3635 341 3706 quia
355 3636 499 3706 postillam
513 3636 605 3688 inven-
648 3655 724 3700 rum,
733 3655 779 3688 seu
789 3635 879 3707 potius
887 3634 921 3688 ad
929 3635 1074 3686 fabulosam
1080 3633 1155 3686 Jovis

97 3728 149 3768 tam
165 3716 255 3769 subito
274 3715 414 3768 consilium
429 3715 512 3786 cepit,
525 3716 605 3787 virgi·
648 3715 778 3787 originem
797 3711 993 3786 quodammodo
1012 3731 1155 3782 represen-

96 3813 175 3862 nmn,
186 3814 245 3866 qne
257 3795 383 3848 convenis
393 3794 447 3846 suis
457 3795 607 3866 petentibus
648 3793 770 3860 tendam
780 3793 813 3848 de
824 3793 920 3865 quibus
933 3792 1040 3844 uberius
1051 3791 1154 3853 Strabo,

96 3888 170 3928 erant
185 3873 336 3946 denegate,
351 3893 400 3946 per
411 3871 536 3926 ludorum
547 3893 606 3943 ape·
648 3873 683 3926 X.
697 3875 783 3928 Fuere
794 3874 872 3926 etiarn
882 3873 991 3926 Curetes
1002 3871 1030 3923 in
1041 3871 1156 3935 Gracia,

96 3955 241 4019 ctaenlnm,
257 3965 287 4006 ut
302 3951 447 4025 perdurare
460 3965 548 4025 posset
557 3972 606 4006 no·
649 3951 763 4020 Euboea,
777 3951 915 4004 Dalmatia.
930 3983 967 3992 -
985 3951 1013 4004 A
1024 3951 1108 4022 quibus
1109 3990 1155 4006 .....

96 4051 159 4086 vum
180 4036 237 4104 ejus
259 4051 385 4104 regnum,
409 4031 605 4104 rapiendas-um.
651 4033 859 4086 traxeruntssuoe
868 4030 1157 4102 TyrrhenaAtyoslilio,

96 4111 168 4165 Vide
179 4113 312 4168 Plutarch.
320 4113 348 4166 in
355 4113 484 4176 llomulo;
495 4112 606 4184 Dionys.
650 4112 778 4165 coloniae
791 4109 875 4180 Lydia
884 4110 912 4162 in
920 4109 1043 4163 Tusciam
1055 4110 1157 4164 venisse

98 4189 156 4246 llel.
170 4190 205 4246 de
218 4195 280 4246 Ant.
295 4211 363 4248 rom.
376 4205 402 4247 et
411 4193 470 4246 Lir.
483 4193 505 4246 1.
650 4191 775 4245 creditur.
786 4189 894 4256 Strabo,
903 4190 937 4243 V.
949 4188 1039 4261 Lydos
1050 4207 1156 4261 quoque

933 4291 954 4360 8
964 4275 975 4312 a
