3218 5128
382 577 403 622 x
620 553 879 622 EDITORIS
906 555 1114 623 PRAEFAT
1122 557 1187 623 10.
1294 567 1301 584 '

378 699 649 773 lucubrationes
680 698 877 798 plurimum
911 699 999 770 mibi
1035 697 1213 798 profuisse
1230 703 1445 798 'gratissimo

378 825 499 896 animo
531 821 724 921 profiteor,
756 825 805 894 ita
836 838 958 895 tamen
988 849 1076 896 mcae
1103 824 1294 922 diligentiae
1320 824 1445 898 deberi

378 945 554 1020 nonnulla
568 946 872 1037 animadvertent,
885 949 949 1045 qui
962 948 1121 1047 vulgatas
1136 946 1255 1020 adbuc
1267 948 1445 1022 editiones

377 1097 462 1145 cum
479 1071 548 1144 hac
565 1087 689 1144 nostra
710 1072 940 1144 contulerint.

427 1202 545 1294 Atque
561 1195 773 1294 sicquidem
787 1197 929 1295 priores
942 1221 1004 1268 sex
1018 1195 1129 1269 libros
1142 1197 1277 1269 Valerii
1295 1199 1442 1269 Maximi

377 1319 720 1418 comprehendimus
750 1320 820 1391 boc
847 1335 981 1392 tomo:
1009 1321 1048 1392 in
1073 1319 1227 1394 alterum
1253 1321 1443 1416 rejecimus

377 1443 554 1542 reliquam
575 1457 715 1542 partem
732 1444 869 1541 operis,
883 1467 957 1514 una
977 1467 1061 1515 cum
1079 1443 1174 1516 Julio
1188 1443 1441 1541 Obsequente,

379 1567 444 1663 qui
470 1569 509 1638 in
535 1567 728 1666 Bipontiua
755 1591 904 1665 quoque
933 1565 1092 1638 editione
1112 1567 1258 1639 Valerio
1284 1569 1441 1638 Maximo

377 1689 593 1785 subjunctus
617 1705 692 1780 est,
718 1689 847 1762 additis
873 1705 1046 1790 praeterea
1075 1691 1151 1762 aliis
1176 1693 1441 1762 commentariis

375 1830 413 1886 et
436 1813 587 1905 libellis,
610 1816 656 1888 de
684 1815 817 1914 quibus
840 1840 986 1915 agemus
1012 1817 1051 1886 in
1076 1817 1203 1886 notitia
1226 1813 1441 1914 praefigenda

377 1937 479 2010 alteri
503 1939 555 2012 illi
574 1954 687 2012 tomo,
707 1945 749 2012 In
770 1955 946 2038 utroque,
969 1965 990 2012 a
1014 1941 1153 2012 ratione
1178 1937 1359 2011 scribendi
1386 1953 1440 2010 at-

374 2085 448 2158 que
468 2063 773 2160 interpungendi,
789 2064 828 2133 in
847 2065 983 2134 caeteris
1001 2063 1110 2158 hujus
1133 2061 1355 2134 collectionis
1375 2087 1439 2133 vo·

375 2183 576 2256 luminibus
599 2183 771 2283 probata,
795 2183 978 2257 discedere
999 2210 1067 2257 nec
1087 2183 1217 2272 debui,
1241 2210 1309 2257 nec
1330 2186 1437 2256 volui.

377 2312 420 2377 In
442 2307 590 2405 reliquis
616 2331 764 2405 quoque
789 2307 942 2380 lectores
966 2310 1079 2406 aequi,
1098 2309 1135 2380 id
1154 2309 1254 2406 quod
1279 2309 1440 2407 praecipit

376 2415 600 2520 Aristoteles,
620 2432 875 2521 meminerint,
898 2457 974 2504 esse
996 2432 1153 2505 hominis
1176 2432 1324 2518 eruditi,
1347 2447 1438 2505 eate-

374 2581 443 2628 nus
472 2558 510 2626 in
533 2581 759 2655 unoquoque
781 2581 913 2655 genere
934 2559 1112 2628 rationem
1136 2559 1350 2654 exquisitam
1372 2582 1437 2656 po·

375 2680 528 2768 stulare,
548 2694 726 2777 quatenus
747 2681 800 2752 rei
822 2695 951 2752 natura
975 2681 1142 2779 patiatur.
1166 2683 1385 2780 Quanquam
1408 2681 1438 2752 si

375 2803 466 2901 quid
488 2804 759 2902 typothetarum
788 2803 926 2876 incuria
955 2818 1113 2876 erratum
1139 2817 1193 2876 est
1218 2805 1313 2902 (nec
1342 2807 1437 2879 enim

375 2928 454 3000 fieri
480 2944 621 3028 potest,
650 2944 691 3001 ut
717 2932 754 3000 in
776 2931 1007 3028 quantumvis
1027 2944 1226 3028 expurgato
1245 2931 1437 3029 exemplari

375 3077 451 3124 non
474 3053 594 3150 aliqua
620 3055 774 3152 supersit
798 3051 978 3148 macula),
997 3053 1033 3124 id
1052 3078 1120 3126 nec
1138 3077 1230 3152 saepe
1249 3079 1437 3127 occurrere

374 3200 443 3247 nec
463 3178 554 3247 tanti
573 3174 651 3249 fore
673 3201 799 3275 spero,
820 3191 862 3248 nt
882 3201 1026 3249 sensum
1041 3176 1247 3276 perturbet,
1260 3192 1321 3248 aut
1336 3177 1437 3274 quod

373 3300 488 3371 lector
507 3302 605 3399 ipse,
621 3325 697 3372 non
720 3301 895 3389 monitus,
914 3298 1016 3372 facile
1034 3301 1131 3372 haud
1150 3301 1328 3374 emendet.
1348 3304 1440 3374 Scri·

375 3421 505 3496 bebam
526 3425 685 3515 Parisiis,
705 3449 828 3498 mense
846 3427 977 3496 martio
990 3451 1200 3508 ,uocccxxm

1081 3607 1120 3676 C.
1141 3609 1178 3674 B.
1196 3609 1315 3676 Hass.
