3168 5124
220 518 315 586 CAP.
343 515 387 600 V,
413 514 476 582 DE
502 513 730 582 BENEVOL.
757 513 978 585 FRATERN.
1055 514 1128 613 387

72 649 198 720 nullum
216 647 322 735 aliud,
348 671 448 741 quarn
471 645 618 715 Castoris
639 660 673 714 et
690 643 849 715 Pollucis¹
868 649 1034 742 specimen
1050 674 1135 720 con-

72 758 256 852 sanguineae
277 753 422 824 caritatis
442 751 678 824 convenienter
695 751 791 845 adjici
811 777 916 847 posse.

124 892 158 974 4.
182 887 247 956 Sed
265 885 372 956 onmis
392 885 559 952 memoriae
580 882 765 954 clarissimis
785 885 1038 980 imperatoribus
1057 913 1134 982 pro·

71 995 158 1063 fecto
180 1018 248 1061 non
268 993 330 1060 crit
351 992 535 1084 ingratum,
557 991 585 1060 si
607 988 733 1060 militis²
756 1016 884 1060 summa
904 1015 984 1087 erga
999 991 1134 1064 fratrem

72 1125 167 1168 suum
186 1101 289 1194 pietas
303 1097 381 1166 buic
401 1095 577 1165 voluminis
590 1098 677 1190 parti
695 1096 887 1167 adhaeserit:
904 1099 930 1168 is
943 1121 1085 1192 namque
1100 1103 1135 1170 in

70 1207 186 1276 castris
197 1209 259 1275 Cn.
269 1203 416 1298 Pompeii
429 1201 592 1298 stipendia
604 1227 781 1298 peragens,
795 1229 897 1300 quum
909 1205 1136 1274 Sertorianum

70 1312 208 1381 militem
229 1313 336 1380 acrius
358 1309 418 1379 sibi
436 1311 469 1377 in
490 1310 559 1376 acie
577 1293 772 1376 instantem³
791 1312 940 1379 cominus
952 1311 1136 1381 interemis-

69 1433 140 1506 set,
160 1419 391 1512 jacentemque
417 1412 573 1510 spoliaret
591 1439 601 1500 ;
622 1427 661 1481 ut
685 1413 821 1482 fratrem
846 1440 1040 1508 germanum
1068 1442 1137 1488 esse

70 1527 245 1620 cognovit,
266 1522 408 1594 multum
432 1545 470 1588 ac
491 1520 548 1588 diu
564 1520 714 1588 convicio
732 1519 811 1589 deos
832 1521 876 1589 ob
891 1521 1016 1592 donum
1030 1525 1139 1618 impiae

69 1631 217 1700 victorie
239 1613 463 1723 insequutus⁴,
489 1651 593 1721 prope
618 1640 725 1696 castra
741 1625 926 1716 transtulit,
948 1643 981 1696 et
996 1633 1140 1723 pretiosa

70 1751 163 1806 veste
186 1751 359 1830 opertum,
383 1758 466 1828 rogo
488 1733 666 1827 imposuit;
687 1757 726 1801 ac
744 1732 862 1803 deinde
884 1735 1032 1828 subjecta
1050 1735 1139 1824 face,

68 1844 224 1936 protinus
253 1841 369 1910 eodem
399 1837 524 1934 gladio,
553 1863 620 1933 quo
648 1837 740 1908 illum
770 1841 997 1928 interemerat,
1024 1856 1140 1935 pectus

67 1973 170 2017 suum
189 1946 482 2032 transverberavit,
503 1969 601 2039 seque
616 1969 715 2039 super
732 1969 853 2041 corpus
872 1946 982 2016 fratris
999 1961 1142 2042 prostra-

66 2069 143 2123 tum
167 2053 399 2122 communibus
419 2051 561 2121 flammis
592 2051 807 2120 cremandum
837 2051 979 2122 tradidit.
1004 2053 1142 2123 Licebat

65 2162 266 2254 ignorantiae
286 2158 446 2229 beneficio
468 2159 636 2227 innocenti
659 2157 797 2245 vivere;
823 2157 880 2228 sed
897 2173 936 2227 ut
953 2182 1012 2228 sua
1031 2161 1142 2254 potius

65 2269 210 2360 pietate,
226 2290 326 2358 quam
344 2265 450 2334 aliena
469 2265 566 2332 venia
580 2275 745 2348 uteretur,
767 2288 878 2333 comes
897 2265 1050 2334 fraternae
1069 2265 1142 2334 neci

65 2397 138 2441 non
158 2369 274 2439 defuit.

109 2590 135 2625 r.
152 2569 265 2624 Castoris
277 2581 301 2622 et
313 2571 428 2624 Pollucis.
447 2571 522 2624 Alter
532 2570 583 2622 im·
670 2567 696 2623 3.
709 2569 740 2623 ln
754 2573 813 2624 acie.
826 2571 1141 2644 Vulgoinacr'emmen·

64 2652 207 2715 mortalis,
212 2651 325 2706 alterum
332 2652 470 2705 monetam
477 2651 585 2704 immor·
628 2649 707 2718 dote,
718 2669 768 2705 uec
779 2653 954 2723 probantibus
961 2651 1037 2706 MSS.
1047 2654 1141 2725 pler-ie·

63 2731 180 2786 talitatis
189 2750 242 2784 sure
252 2732 314 2788 fecit
324 2733 490 2806 participem.
504 2729 585 2786 Unde
630 2749 691 2803 que.

62 2811 217 2882 Virgilius,
232 2815 293 2864 AEn.
305 2830 348 2878 rr,
364 2829 431 2866 121:
670 2809 859 2879 Mrueqwtus.
875 2809 917 2864 sic
928 2809 1054 2863 undecim
1065 2809 1140 2866 MSS.

60 2898 82 2938 si
98 2897 187 2938 tmmn
199 2895 268 2935 tortu
279 2897 353 2936 uem·
367 2907 429 2937 nom
441 2897 537 2944 aaran.
630 2907 691 2943 cum
707 2887 783 2942 editt.
797 2889 1002 2955 vetustioribus,
1018 2888 1091 2942 unde
1102 2909 1142 2942 re·

61 2970 122 3022 haue
134 2969 231 3019 'editae‘
241 2969 293 3006 τίω
301 2971 367 3008 2⁰¹³·1·
630 2965 735 3022 iecerit
744 2969 899 3024 Torrenius.
912 2969 1021 3042 Pighius
1033 2967 1142 3024 dederat

108 3069 137 3102 a.
161 3047 193 3100 Si
210 3048 309 3106 militis,
326 3062 375 3102 etc.
397 3051 448 3103 Au.
466 3047 501 3102 U.
518 3052 585 3102 666.
634 3053 769 3101 insectatus.
