3218 5128
361 441 408 514 56
562 443 785 512 VALERII
819 441 1024 530 Maxltnl
1061 442 1155 510 LIB.
1191 441 1217 508 I.

359 577 409 670 pis
438 573 625 670 philippicis
648 573 775 644 romani
804 573 889 642 inter
912 598 946 644 se
973 575 1135 646 exercitus
1157 587 1444 662 concurrerunt,

361 683 523 750 Minervae
538 681 662 776 species
675 678 793 748 oborta
806 681 978 775 praecepit,
999 707 1016 744 α
1034 693 1072 748 ut
1088 677 1180 748 illum
1197 679 1290 774 gravi
1305 679 1423 748 morbo

359 786 557 883 implicitum
583 800 752 875 moneret,
773 810 815 854 ne
839 800 975 882 propter
1000 784 1173 856 adversam
1200 783 1422 854 valetudinem

361 894 515 988 proximo
539 891 650 988 praelio
669 917 736 962 non
754 892 1180 986 interesset.»Quodquum
1193 893 1304 961 Caesar
1318 890 1424 960 audis·

362 1015 429 1088 set,
444 997 559 1070 lectica
570 1025 604 1070 se
623 1001 656 1068 in
669 1001 774 1070 aciem
788 999 909 1068 deferri
924 999 1041 1093 jussit:
1056 999 1113 1068 ubi
1131 999 1211 1068 dum
1227 1022 1327 1092 snpra
1339 999 1425 1066 vires

364 1107 512 1201 corporis
534 1132 595 1201 pro
613 1105 823 1202 adipiscenda
840 1103 997 1174 victoria¹
1018 1105 1176 1192 excubat,
1195 1118 1303 1174 castra
1317 1103 1387 1196 ejus
1407 1127 1426 1171 a

364 1215 467 1282 Bruto
481 1227 578 1308 capta
592 1227 677 1306 sunt.
698 1212 789 1302 Quid
809 1237 889 1308 ergo
902 1209 991 1280 aliud
1007 1226 1182 1306 putamus,
1199 1234 1298 1304 quam
1313 1209 1426 1278 divino

364 1317 519 1388 munere²
534 1318 712 1408 effectum,
725 1344 767 1388 ne
780 1317 978 1387 destinatum
991 1319 1059 1412 jam
1074 1315 1311 1388 immortalitati
1328 1329 1428 1411 caput

365 1423 533 1520 indignam
555 1424 673 1494 caelesti
694 1426 811 1523 spiritu
830 1423 970 1494 sortunae
988 1423 1177 1522 violentiam
1197 1421 1354 1492 sentiret?

421 1559 452 1600 α.
475 1535 660 1628 Augustum
675 1556 756 1600 vero
773 1545 893 1626 praeter
912 1529 1094 1602 naturalem
1111 1531 1213 1600 animi
1229 1531 1264 1598 in
1277 1527 1429 1598 omnibus

367 1638 466 1706 rebus
487 1637 650 1708 subtiliter
677 1637 910 1734 perspiciendis
938 1641 1108 1734 vigorem,
1137 1635 1234 1706 etiam
1262 1649 1431 1705 recenset

368 1745 584 1814 domesticum
606 1743 809 1840 exemplum,
830 1758 869 1814 ut
887 1746 1011 1813 Artorii
1029 1745 1157 1829 somnio
1170 1742 1431 1838 obtemperaret,

368 1851 547 1921 admonuit.
577 1851 758 1921 Audiverat
779 1851 866 1918 enim
893 1849 961 1920 divi
987 1849 1064 1919 iulii
1087 1850 1189 1946 patris
1217 1851 1267 1918 sui
1294 1871 1430 1918 uxorem

369 1942 603 2054 Calpurniam³
625 1973 743 2046 nocte,
764 1982 862 2052 quam
888 1959 913 2028 is
938 1959 971 2026 in
996 1959 1092 2028 terris
1117 1955 1266 2025 ultimam
1293 1955 1379 2049 egit,
1400 1955 1433 2021 in

369 2068 477 2156 quiete
488 2065 606 2134 vidisse
617 2064 729 2133 multis
742 2088 817 2132 eum
834 2063 1023 2132 confectum
1035 2062 1227 2132 vulneribus
1237 2064 1272 2130 in
1286 2085 1347 2130 suo
1361 2061 1434 2130 sinu

366 2171 550 2261 jacentem3
581 2171 764 2262 somniique
788 2171 959 2238 atrocitate
987 2170 1200 2240 vehementer
1226 2169 1434 2252 exterritam,

371 2299 489 2368 rogare
508 2299 576 2342 non
601 2273 778 2362 destitisse,
800 2290 836 2342 ut
850 2281 1017 2372 proxima
1035 2275 1092 2346 die
1112 2299 1136 2344 a
1153 2281 1251 2344 curia
1271 2297 1308 2343 sc
1326 2273 1434 2343 absti-

371 2394 486 2448 neret:
506 2393 540 2447 at
561 2377 671 2464 illum,
690 2403 732 2447 ne
749 2379 901 2450 muliebri
917 2383 1044 2452 somnio
1059 2395 1170 2452 motus
1188 2380 1221 2450 id
1242 2379 1357 2450 secisse
1372 2381 1436 2448 exi·
1472 2461 1477 2472 ι

373 2487 577 2572 stimaretur,
593 2499 761 2572 senatum,
773 2487 805 2554 in
820 2513 886 2582 quo
905 2489 934 2556 ei
952 2489 1191 2584 parricidarum
1202 2511 1319 2556 manns
1335 2485 1437 2557 allate

374 2605 473 2676 sunt,
496 2591 584 2660 adire
606 2590 823 2661 contendisse.
842 2595 920 2664 Non
940 2609 991 2663 est
1009 2581 1130 2690 opcrael
1150 2595 1236 2663 inter
1255 2607 1383 2688 patrem
1405 2606 1436 2660 et

374 2697 478 2766 filium
491 2695 587 2766 ullius
601 2699 647 2766 rei
662 2702 942 2792 comparationem
954 2699 1046 2786 lieri,
1062 2702 1243 2795 prasertim
1259 2699 1438 2768 divinitatis

375 2804 505 2898 fastigio
518 2805 671 2897 junctos:
686 2803 743 2873 sed
754 2805 821 2898 jam
836 2805 918 2874 alter
931 2807 1085 2902 operibus
1101 2807 1168 2875 suis
1181 2805 1306 2874 aditum
1322 2803 1384 2875 sibi
1397 2801 1439 2872 ad

377 2909 493 2980 caelum
511 2912 727 2996 instruxerat,
748 2911 841 2979 alteri
859 2909 976 3008 longus
991 2913 1101 2982 adhuc
1115 2913 1318 2982 terrestrium
1336 2911 1439 2979 virtu·

377 3033 448 3086 tum
466 3003 573 3086 orbis⁵
592 3019 745 3087 restabat.
766 3018 980 3114 Quapropter
994 3019 1036 3093 ab
1054 3019 1120 3089 hoc
1134 3017 1364 3094 tantummodo
1379 3017 1439 3096 ins«

422 3238 444 3272 r.
455 3219 573 3276 Victoria.
583 3220 669 3284 Qum
679 3221 757 3272 etiam
768 3232 886 3291 reporta·
931 3221 1026 3274 collabi
1036 3220 1168 3292 fastigium
1177 3219 1285 3288 domus,
1303 3219 1440 3272 maritum-

380 3299 426 3353 vit.
440 3299 539 3352 Milites
550 3313 637 3351 tamen
650 3300 725 3350 Bruti
738 3312 820 3352 castra
833 3303 889 3371 ejas
932 3319 983 3372 que
991 3300 1018 3352 in
1025 3300 1126 3371 gremio
1134 3297 1306 3353 suooonlodi:
1316 3299 1441 3372 quoniam

380 3392 440 3432 ante
458 3392 599 3451 ceperant,
617 3375 761 3448 eademque
781 3379 889 3450 ingressi
932 3381 1036 3446 ioman,
1063 3380 1183 3452 Spurinus
1208 3380 1314 3432 monitis
1334 3381 1442 3443 territa,

379 3459 512 3524 lecticam,
522 3457 889 3530 inqnacubareOctaviannm
933 3459 961 3512 in
977 3477 1070 3512 wanno
1088 3459 1156 3514 hanc
1175 3459 1224 3513 sibi
1239 3460 1349 3530 lingeret
1366 3459 1442 3530 lugu·

381 3549 518 3607 putarant,
533 3539 725 3592 transfixerant.
934 3541 1010 3592 brem
1024 3540 1171 3610 imaginem.

426 3635 451 3668 s.
466 3617 574 3671 Munere.
590 3620 661 3672 Alii:
676 3621 778 3670 numae.
793 3619 892 3690 Utique
977 3627 1003 3683 4.
1017 3618 1114 3690 Operoe.
1127 3621 1229 3672 Vocem
1238 3637 1315 3690 opcroe
1325 3604 1400 3688 Pi'gh.
1411 3635 1443 3670 ex

383 3694 475 3748 divino
487 3713 594 3758 munere,-
611 3697 656 3751 sed
665 3697 764 3751 salubri
775 3699 893 3769 corporis
935 3699 982 3752 lib.
993 3699 1103 3753 Cauobii
1112 3699 1238 3772 reposuit.
1251 3698 1339 3770 Kapp.
1351 3715 1409 3748 eam
1417 3697 1444 3748 in

383 3786 457 3826 motu
463 3773 609 3828 sinedubio
618 3777 747 3849 languidae
755 3778 824 3830 vires
832 3793 893 3830 sunt
938 3792 1004 3832 crstt.
1017 3777 1096 3834 codd.
1105 3780 1202 3833 rectius
1213 3777 1300 3830 omitti
1314 3787 1445 3840 autumat,

383 3853 495 3906 relectae.
504 3857 594 3906 -Αιι,
602 3859 636 3909 U.
645 3877 660 3926 7
668 3877 678 3910 1
687 3877 698 3911 ι
706 3898 712 3910 .
719 3859 770 3912 Dio
777 3859 894 3924 x1.vl1;
938 3859 1009 3931 quod
1016 3861 1060 3914 vix
1068 3859 1232 3923 admiserim,
1242 3875 1324 3930 quum
1334 3857 1446 3928 abrupta

383 3933 515 3996 Velleius,
526 3935 566 3996 ΙΙ,
579 3953 628 4003 7⁰3
639 3939 707 4008 App.
721 3939 780 3991 etv.
794 3945 825 4003 43
835 3939 894 3992 Sue·
939 3953 965 3993 et
977 3942 1081 3994 concisa
1092 3939 1174 3993 dictio
1186 3940 1234 4000 sit,
1248 3935 1275 3988 in
1284 3955 1336 4008 qne
1346 3933 1445 4007 aliquid

385 4013 487 4078 ῑθῦῑῦῦ,
497 4014 562 4083 ΑΗΒ·
575 4031 627 4081 913
640 4014 756 4069 Lactant.
771 4019 814 4084 ll,
828 4038 854 4087 7.
938 4017 1150 4074 subaudiendum
1157 4037 1211 4070 esse
1218 4035 1296 4069 nemo
1303 4035 1359 4068 non
1365 4014 1447 4068 videt.

428 4093 452 4147 3.
489 4091 653 4163 Calpurniam·
685 4097 827 4164 imaginata
857 4113 895 4150 est
981 4097 1004 4149 5.
1019 4099 1115 4168 Langia
1131 4097 1202 4149 orbis.
1214 4098 1260 4149 Est
1274 4098 1351 4168 longa
1360 4095 1447 4148 series.
