3190 5122
367 519 475 588 cer.
505 521 596 606 vn,
622 485 989 596 annunciem.
1133 535 1202 610 321

146 674 238 733 rum,
258 647 341 718 alter
361 647 500 720 deorum
522 651 702 721 maximum
725 655 886 744 amicum,
908 673 941 728 et
967 676 1057 730 certa
1079 684 1209 760 mente,

145 770 179 824 et
196 755 347 825 secundis
367 756 534 826 ominibus
554 759 679 848 sortiti,
693 773 865 857 totumque
887 763 990 836 beatae
1005 771 1111 842 turbae
1129 801 1208 868 gre-

144 885 218 954 gem
230 915 239 948 ,
250 863 307 956 qui
322 877 432 932 vestro
452 863 555 932 ductu
573 866 761 935 veneranda
779 871 914 940 sincerae
933 871 1009 942 fidei
1027 879 1207 974 stipendia,

143 966 295 1038 laudibus
313 983 346 1036 et
361 970 503 1064 praemiis
521 986 675 1058 onustuS,
692 977 834 1069 peregit,
853 977 886 1044 in
909 977 1015 1050 lucem
1035 985 1207 1064 vobiscum

142 1075 348 1166 protrahite:
370 1090 498 1146 vestros
521 1079 609 1146 enirn
631 1093 818 1151 constantes
840 1085 983 1174 animos,
997 1104 1106 1160 vestra
1124 1111 1206 1166 stre·

141 1203 209 1248 nun
231 1183 430 1270 ministeria,
451 1197 595 1252 vestram
613 1186 899 1281 inexpugnabilem
918 1195 1206 1293 taciturnitatem,

140 1311 270 1380 proque
287 1288 446 1382 dignitate
466 1304 499 1358 et
519 1290 624 1363 salute
645 1295 827 1364 amicorum
846 1312 1039 1392 perpetuam
1059 1310 1205 1378 excuba-

141 1392 284 1480 tionem,
303 1398 505 1466 testationem
526 1395 820 1488 benevolentiam¹,
832 1416 866 1470 et
884 1428 997 1474 rursus
1014 1407 1133 1480 harum
1154 1441 1206 1486 re·

140 1522 216 1566 rum
235 1501 418 1571 uberrimos
438 1502 584 1589 fructus,
601 1505 764 1597 posterior
785 1507 917 1578 intuens
938 1526 1033 1601 aetas,
1052 1518 1086 1584 in
1108 1543 1204 1592 exco-

140 1601 239 1674 lendo
250 1607 325 1698 jure
346 1609 513 1696 amicitiae,
528 1633 628 1704 quarn
639 1609 810 1702 libentius,
826 1628 893 1683 tarn
908 1619 1007 1686 etiam
1025 1621 1206 1720 religiosius

139 1712 203 1778 erit
216 1728 361 1806 operata.

173 1893 225 1944 DE
246 1893 453 1946 AMICITIAE
469 1893 678 1961 VINCULO,
697 1897 785 1961 QUO
803 1900 958 1960 JUNCTI
978 1907 1171 1970 EXTERNI.

199 2059 226 2103 1.
257 2039 368 2104 Haeret
395 2039 524 2107 animus
553 2039 587 2106 in
612 2039 822 2128 domesticis,
852 2046 909 2114 sed
937 2047 1044 2121 aliena
1072 2083 1205 2155 quoque

138 2141 311 2210 benefacta
333 2143 476 2231 referre,
499 2141 648 2213 romanae¹
671 2147 761 2215 urbis
780 2150 905 2220 candor
928 2155 1111 2232 hortatur².
1135 2171 1204 2238 Da-

137 2272 218 2315 mon
237 2262 270 2316 et
288 2248 436 2317 Phintias
445 2235 469 2337 ³,
492 2247 720 2344 Pythagoricae
741 2255 925 2348 prudentie
947 2267 1049 2336 sacris
1068 2270 1204 2366 initiati,

137 2367 205 2421 tam
224 2351 356 2422 fidelem
378 2356 463 2423 inter
480 2380 514 2424 se
534 2358 709 2426 amicitiam
729 2359 991 2456 junxerunt,ut,
1004 2397 1107 2466 quum
1123 2378 1203 2452 alte-

137 2483 211 2527 rum
228 2455 334 2530 erbis
349 2462 528 2556 Dionysius
547 2487 764 2556 syracusanus
779 2467 964 2542 interficere
978 2477 1090 2570 vellet,
1102 2500 1203 2582 atque

135 2567 162 2634 is
182 2580 313 2661 tempus
335 2568 377 2635 ab
399 2592 460 2654 eo,
485 2593 570 2662 quo,
590 2570 782 2665 priusquam
803 2577 939 2668 periret,
965 2581 1100 2658 domum
1122 2618 1201 2688 pro·
1284 2577 1290 2594 ⁸

135 2671 242 2741 iectus
262 2697 314 2741 res
333 2698 408 2742 suas
427 2675 616 2764 ordinaret,
639 2678 896 2772 impetravisset,
915 2685 998 2757 alter
1022 2696 1141 2768 vadem
1166 2727 1201 2772 se

134 2803 198 2873 pro
219 2778 326 2848 reditu
344 2781 414 2874 ejus
437 2794 579 2874 tyranno
597 2781 676 2851 dare
702 2809 770 2854 raon
788 2786 954 2862 dubitarit.
975 2797 1108 2872 Solutus
1130 2825 1202 2880 erat

133 2980 240 3032 Actium
253 2981 281 3033 in
294 2981 404 3036 victoria
417 2982 533 3055 peranda
543 2985 645 3056 Augus·
690 2986 839 3052 ultusultus,
857 3005 974 3063 perpetua
993 3004 1145 3075 excubatio,
1161 3025 1201 3068 ra.

133 3071 191 3112 tum
205 3061 317 3114 maxime
330 3063 413 3131 juvit,
428 3061 525 3116 deinde
535 3065 646 3136 Augusti
689 3085 749 3119 men
771 3067 812 3120 bis
840 3073 963 3128 omnibus
988 3077 1199 3148 benevolentiam

132 3157 254 3192 sororem
268 3139 296 3191 in
307 3141 504 3195 matrimonium
515 3142 603 3208 duxit,
619 3157 646 3198 et
688 3145 768 3199 luisse
784 3155 937 3214 tarataram.
953 3153 982 3208 id
998 3173 1049 3227 est,
1064 3170 1147 3240 magi,
1159 3185 1199 3227 te.

133 3219 161 3270 in
178 3216 385 3272 administranda
398 3223 533 3293 republica
542 3223 582 3276 illi
591 3243 645 3294 prs·
688 3237 781 3279 statam
797 3241 823 3286 et
838 3233 1016 3293 excellentem.

132 3316 167 3350 ne
178 3317 227 3370 par
237 3297 352 3351 creditus
360 3313 457 3353 est.—
472 3303 643 3356 Ateer....amt-
730 3325 755 3358 a.
769 3306 821 3360 Sed
825 3349 887 3364 .....
897 3313 1086 3377 barrotanvide
1095 3325 1151 3382 Cic.
1164 3329 1197 3385 de

132 3377 520 3432 cm.antValemns:Laelium
528 3381 643 3453 Scipioni
688 3385 744 3440 Oli.
763 3387 818 3453 111,
834 3408 884 3458 ¹03
900 3393 1018 3453 Lactsnt.
1037 3403 1097 3460 Div.
1113 3407 1197 3466 instit.

132 3457 319 3509 amicissimum
329 3459 570 3532 luisse,Agrippam
580 3481 643 3514 vero
687 3465 722 3530 V,
740 3467 783 3519 18.
1134 3540 1136 3550 Ι

131 3539 264 3608 Augusto,
278 3537 378 3610 quippe
387 3540 432 3610 qui
441 3539 516 3592 vivus
523 3543 578 3612 jam
586 3542 643 3594 deus
728 3545 879 3601 &Plautios
888 3553 1072 3628 NonPytlu'ass,
1083 3567 1197 3640 utvulgo

131 3615 287 3670 habebatur.
565 3627 566 3632 ’
684 3624 789 3695 legitur.
802 3660 842 3670 -
855 3629 999 3689 Juuaeerunt.
1015 3637 1123 3712 Pighius
1138 3647 1196 3702 edi-

175 3716 200 3750 1.
213 3697 366 3748 Testau'orem
378 3696 567 3753 benevolentium.
578 3701 642 3754 Plu·
685 3702 726 3756 dit
731 3708 875 3774 junxerant,
887 3711 1051 3773 obstantibus
1059 3721 1133 3778 MSS.
1145 3739 1196 3781 tre·

130 3794 172 3830 res
181 3774 259 3830 codd.
271 3775 396 3830 exhibent
405 3779 642 3841 testatmnem,unde
685 3781 771 3836 decim
787 3789 963 3862 omnibusque
979 3794 1040 3853 edd.
1053 3828 1096 3844 ·-
1113 3805 1195 3858 Dubi.

131 3855 236 3928 Lipsius
257 3859 402 3908 testationem
423 3857 587 3910 benevdentioe
603 3861 641 3912 le·
686 3866 752 3914 sarit.
771 3864 870 3919 Omnes
887 3869 965 3925 codd.
982 3879 1072 3951 scripti
1089 3895 1115 3935 et
1128 3883 1193 3942 editi

132 3934 177 4003 git.
201 3936 354 3989 Perizonius
374 3937 481 4008 conjicit
501 3942 641 3991 testationem
684 3954 784 3996 veteres
794 3944 1194 4021 babentdubiraar'tnedrectim

132 4013 298 4070 benevolentia.
312 4015 364 4070 sed
377 4016 445 4070 nibil
457 4035 532 4088 opus.
546 4017 641 4072 Sensus
684 4022 845 4091 Torrenius,
859 4027 980 4102 Kappius
990 4047 1016 4088 et
1025 4037 1192 4100 Helfrecbtus

133 4105 171 4144 est
185 4112 191 4145 :
206 4096 267 4149 licet
278 4109 412 4149 constantes
428 4097 528 4150 inerint
542 4099 640 4162 animi,
684 4099 825 4157 ediderunt
836 4107 965 4174 dubitarit,
980 4117 1040 4186 quia
1049 4121 1147 4193 pendet
1158 4127 1191 4180 ab

132 4183 228 4226 stream
237 4177 396 4245 ministeris,
405 4179 595 4250 inerpugrmbr'lir
605 4191 642 4233 te·
684 4195 726 4250 ut,
742 4183 815 4255 qnod
829 4192 969 4258 precessit.

184 4286 213 4350 I.
399 4341 400 4344 ,
956 4322 999 4367 ar
