3184 5132
409 522 481 606 140
607 517 825 586 vinnan
859 515 1065 586 nixum
1099 519 1197 586 ata.
1232 519 1283 584 11.

406 649 644 734 maculaverat,
666 665 774 718 erecta
797 650 919 718 virtute
941 663 1172 743 recreataque,
1193 673 1304 718 acrem
1327 645 1413 716 illam
1433 662 1465 718 et

406 759 585 826 animosam
608 757 821 824 Numantiam
844 755 1002 824 incendiis
1020 769 1184 842 exustam,
1202 757 1370 849 ruinisque
1390 781 1463 849 pro·

407 877 559 948 stratam,
575 861 645 930 solo
660 863 814 956 aequavit:
832 862 942 956 itaque
958 860 1116 956 neglectae
1128 859 1306 958 discipliuae
1320 860 1465 930 militaris
1567 869 1568 888 ³

407 969 585 1054 indicium,
611 970 758 1038 Mancini
779 967 972 1036 miserabilis
998 967 1143 1056 deditio;
1165 957 1302 1037 servatae
1324 993 1464 1050 merces,

409 1077 663 1176 speciosissimus
685 1075 846 1169 Scipionis
867 1074 1055 1168 triumphus
1072 1076 1203 1143 exstitit.

464 1208 496 1250 a.
513 1182 593 1275 Ejus
607 1195 729 1250 sectam
740 1179 893 1249 Metellus
908 1195 1064 1275 sequutus
1074 1179 1096 1268 ¹,
1117 1205 1219 1274 quum
1238 1181 1417 1249 exercitum
1433 1181 1463 1246 in

412 1286 536 1374 Africa,
548 1287 747 1381 Jugurtlrino
762 1286 849 1356 bello
868 1289 969 1356 nimia
986 1289 1043 1382 Sp.
1058 1285 1168 1354 Albini
1182 1285 1383 1380 indulgentia
1395 1310 1464 1354 cor-

410 1407 544 1488 ruptum
567 1392 681 1462 consul
700 1395 897 1486 accepisset,
917 1393 1070 1462 omnibus
1088 1395 1215 1488 imperii
1234 1394 1343 1460 nervis
1361 1391 1401 1460 ad
1417 1417 1464 1459 re·

410 1500 593 1568 vocandam
614 1499 758 1592 pristinae
776 1499 979 1594 disciplinam
1001 1498 1123 1568 militiae
1142 1501 1296 1568 connisus
1318 1512 1385 1583 est;
1405 1521 1464 1566 nec

410 1605 555 1700 singulas
570 1619 680 1700 partes
693 1605 925 1700 apprehendit,
940 1605 997 1675 sed
1009 1620 1111 1674 totam
1127 1607 1286 1674 continuo
1299 1607 1333 1672 in
1347 1617 1465 1673 statum

410 1737 506 1780 suum
526 1711 669 1806 redegit3
687 1714 836 1805 protinus
854 1737 996 1806 namque
1018 1711 1099 1780 lixas
1120 1735 1138 1779 e
1159 1713 1272 1780 castris
1288 1711 1466 1790 submovit,

410 1818 587 1912 cibumque
612 1817 766 1886 coctum’
793 1816 941 1886 venalem
967 1819 1109 1912 proponi
1132 1819 1251 1903 vetuit3
1281 1819 1315 1884 in
1340 1817 1466 1910 agmine
1570 1877 1571 1880 ,

410 1926 574 1993 neminem
587 1923 727 1992 militum
740 1913 920 1993 ministerio
934 1949 1104 1994 servorum
1115 1923 1422 2017 jumentorumque,
1433 1935 1467 1988 ut

409 2015 518 2098 arma³
535 2055 593 2098 sua
609 2045 642 2098 et
657 2028 811 2098 alimenta
828 2032 890 2124 ipsi
906 2031 1049 2117 ferrent,
1066 2031 1115 2097 uti
1132 2053 1244 2124 passus
1260 2043 1326 2112 est;
1347 2042 1466 2096 castro-

410 2160 484 2204 rum
503 2136 641 2205 subinde
660 2135 769 2204 locum
792 2138 931 2204 mutavit
946 2162 953 2203 :
968 2135 1101 2222 eadem,
1120 2149 1286 2230 tamquam
1305 2133 1467 2229 Jugurtha
1571 2219 1572 2230 .

410 2266 541 2336 semper
555 2241 695 2328 adesset,
713 2240 799 2310 vallo
814 2241 966 2337 fossaque
981 2243 1146 2337 aptissime
1160 2243 1269 2310 cinxit.
1283 2239 1376 2329 Quid
1390 2265 1467 2334 ergo

411 2349 561 2415 restituta
576 2347 792 2434 continentia,
807 2348 885 2440 quid
897 2351 1033 2442 repetita
1049 2348 1209 2415 industria
1222 2343 1381 2440 profecit?
1396 2349 1469 2414 Cre

411 2452 487 2520 bras
500 2452 622 2521 scilicet
633 2453 802 2538 victorias,
814 2469 845 2522 et
855 2453 958 2522 multa
968 2441 1110 2550 tropaea⁴
1123 2455 1250 2548 peperit
1259 2478 1298 2520 ex
1310 2477 1350 2520 eo
1360 2451 1469 2530 hoste,

412 2559 505 2652 cujus
527 2573 678 2651 tergum,
706 2557 767 2626 sub
789 2559 961 2630 ambitioso
983 2563 1196 2655 imperatore,
1216 2583 1355 2628 romano
1378 2557 1469 2628 militi

413 2663 524 2733 videre
546 2689 613 2732 non
633 2665 825 2756 contigerat.

468 2768 500 2840 3.
524 2755 634 2839 Bene⁵
658 2772 755 2839 etiarn
775 2769 819 2839 illi
843 2770 1021 2867 disciplinae
1044 2770 1174 2840 militari
1198 2769 1392 2853 adfuerunt,
1415 2770 1470 2864 qui
1573 2829 1574 2854 ,

456 3001 480 3036 t.
489 2981 730 3055 Sectam...sequruus.
741 2981 835 3035 Sectam
845 2987 917 3054 sequi,
963 2983 1034 3054 gerie
1049 2999 1181 3035 armorum
1196 2981 1316 3034 hostibus
1335 2979 1470 3050 adempto·

413 3081 463 3133 pm
472 3075 558 3134 portes
567 3063 653 3134 sequi,
662 3063 757 3133 legitur
764 3061 921 3134 etiamapud
963 3076 1070 3129 rum,et
1083 3064 1110 3114 in
1119 3063 1207 3132 stipite
1218 3073 1261 3114 aut
1272 3063 1395 3114 columna
1405 3061 1469 3112 fixo·

413 3142 568 3196 Ciceronem
582 3155 608 3196 et
619 3143 733 3194 Livium.
747 3143 839 3196 salt.
854 3147 919 3206 644.
964 3161 1147 3213 rum‚eo,quo
1154 3143 1240 3194 hostes
1249 3142 1277 3193 in
1287 3141 1375 3212 fugem
1385 3151 1469 3193 verte·

414 3253 455 3264 -
466 3221 509 3292 Sp.
521 3221 614 3274 Attus.
627 3223 666 3272 De
679 3240 732 3292 quo
743 3221 847 3276 Sallust.
860 3223 920 3275 bell.
964 3234 1036 3288 rant,
1047 3223 1113 3275 loco.
1124 3222 1191 3273 Nam
1202 3233 1331 3292 tropaeum
1341 3239 1355 3272 a
1366 3221 1469 3291 spissis.

413 3302 473 3372 Jug.
491 3314 517 3354 et
532 3301 623 3353 Front.
639 3301 689 3365 IV,
709 3319 732 3353 r.
964 3299 1067 3354 Deinde
1084 3301 1162 3355 etiem
1183 3291 1264 3368 (vide
1280 3301 1352 3352 flor.
1368 3301 1422 3362 lu,
1438 3295 1469 3360 a)

458 3401 483 3434 a.
506 3380 635 3452 Cibumque
650 3393 747 3432 coctam.
762 3378 922 3434 VidVarro
965 3399 996 3432 ex
1012 3379 1098 3452 lapide
1111 3381 1168 3432 lieri
1183 3391 1267 3452 coepte
1282 3391 1345 3432 suut
1365 3393 1468 3450 tropos.

416 3459 450 3514 de
460 3461 490 3512 L.
506 3462 535 3512 L.
553 3464 569 3513 6
582 3480 589 3526 ς
606 3461 708 3530 Nepos,
724 3459 832 3527 xvm,
846 3461 923 3530 8,7;
965 3459 1470 3531 llomssquoquelixerunteeinarcibus

416 3540 621 3608 Ltv.xxt‚s9.
965 3557 980 3592 e
1001 3559 1132 3592 mennore
1154 3539 1308 3604 exstructis,
1331 3551 1376 3590 eut
1397 3537 1471 3608 ipsis,

460 3619 485 3670 3.
498 3620 615 3671 Utarmu.
628 3620 859 3672 Perizonmutare
869 3620 923 3672 vult
965 3621 1062 3690 quibus
1081 3617 1285 3683 dimicaverant,
1307 3618 1372 3670 locis
1386 3633 1471 3670 saxeas

416 3695 514 3750 locum.
530 3698 581 3752 Sed
592 3700 660 3753 nibil
669 3719 746 3772 opus.
758 3699 853 3751 Sensus
867 3711 922 3752 est:
966 3718 1071 3752 erexere
1086 3712 1186 3762 turres,
1202 3717 1267 3768 quas
1281 3697 1421 3750 hostilibus
1435 3713 1472 3748 er·

418 3793 466 3826 ma
483 3796 568 3846 passm
588 3791 625 3830 est
644 3780 729 3832 milites
744 3781 768 3830 in
782 3781 875 3847 agmine
889 3782 924 3830 uti
967 3778 1252 3832 misornabsnt.Grseci
1258 3781 1311 3847 jam
1320 3778 1404 3830 multo
1413 3787 1472 3829 ante

418 3860 546 3909 ministerio
558 3877 686 3920 servorum,
703 3872 727 3910 et
736 3863 771 3910 sic
784 3861 861 3908 coacti
870 3869 925 3910 suut
967 3871 1065 3930 tropaea
1078 3858 1158 3929 figere
1174 3858 1244 3910 soliti
1262 3869 1345 3910 erant.
1357 3887 1397 3900 —
1415 3856 1473 3908 Am·

419 3935 503 3988 milites
525 3940 570 4006 ipsi
594 3950 755 3990 stomoma
772 3951 797 3990 et
813 3940 924 3990 elisaeam
967 3939 1053 3990 ditiore
1068 3942 1214 4008 irnpemion.
1235 3937 1346 3999 Albino,
1362 3935 1409 4006 qui
1424 3933 1473 3985 mi·

415 4026 522 4084 portare.
966 4019 1044 4072 litum
1064 4015 1151 4070 studia
1172 4017 1290 4069 ambiens
1307 4029 1334 4068 et
1348 4027 1475 4086 captans,

419 4186 537 4229 mentum
553 4191 567 4226 a
583 4174 682 4228 victore
697 4189 846 4231 erectume
862 4195 924 4232 cou-
1011 4179 1035 4230 5.
1051 4177 1124 4231 Beue.
1139 4179 1189 4230 Aa.
1204 4177 1238 4228 U.
1260 4179 1325 4229 fias.
1342 4175 1375 4226 ln
1387 4171 1475 4228 Sicilia
