3196 5122
412 487 486 562 238
598 489 829 558 VALERII
858 487 1069 578 MAXIMI
1098 487 1195 554 LIB.
1223 487 1299 554 111.

410 622 579 708 adhibito,
600 621 770 716 cognovit.
789 622 907 714 Itaque
926 642 1003 688 acer
1023 632 1057 688 et
1075 617 1256 691 vehemens
1274 616 1387 686 Carbo
1405 617 1486 688 nihil

409 729 499 798 aliud
510 725 627 822 gallica
639 727 905 822 peregrinatione
914 739 1140 820 consequutus
1149 739 1324 818 est,quam
1332 737 1371 794 ut
1381 727 1486 794 anim·

409 837 600 905 adverteret
620 848 751 904 sontem
775 848 905 930 patrem
927 857 1024 904 suum
1043 831 1085 900 ab
1106 830 1340 926 integerrimo¹
1363 834 1438 904 vim
1453 835 1487 902 in

410 941 560 1014 exsilium
582 942 729 1014 missum.

465 1075 498 1144 7.
507 1047 612 1120 Cato²
623 1073 704 1118 vero
714 1049 865 1142 superior
877 1067 1105 1141 sepenumero
1115 1046 1158 1114 ab
1170 1045 1309 1116 inimicis
1323 1044 1368 1114 ad
1379 1070 1486 1116 causae

409 1157 588 1229 dictionem
606 1169 763 1242 vocatus,
785 1179 847 1224 neo
870 1153 939 1222 ullo
960 1177 1110 1247 unquam
1132 1152 1270 1222 crimine
1296 1154 1485 1242 convictus,

409 1264 452 1334 ad
476 1262 631 1334 ultimum
659 1277 791 1334 tantum
813 1260 943 1332 fiducia
964 1261 999 1330 in
1021 1285 1081 1330 sua
1102 1261 1293 1328 innocentia
1316 1262 1485 1354 reposuit,

409 1385 448 1438 ut
469 1370 583 1438 abhis
606 1370 641 1438 in
661 1369 876 1489 quaestionem
895 1366 1064 1462 publicam
1082 1365 1263 1454 deductus,
1277 1366 1350 1436 Tib.
1373 1370 1484 1438 Grac-

409 1477 528 1564 chum,
555 1500 663 1570 aquo
689 1478 724 1545 in
752 1474 1036 1544 administratione
1057 1472 1246 1568 reipublicae
1270 1472 1312 1542 ad
1341 1472 1483 1544 multum

409 1531 528 1656 odiuni
536 1582 735 1670 dissidebat,
750 1581 896 1676 judicem
910 1581 1113 1676 deposceret.
1133 1581 1210 1669 Qua
1228 1579 1364 1674 quidem
1383 1584 1484 1652 animi

409 1675 618 1786 praestantia³
638 1690 855 1825 pertinaciam
872 1713 987 1758 eorum
1003 1687 1186 1758 insectandi
1198 1713 1233 1756 se
1250 1687 1405 1758 inhibuit

466 1798 498 1868 8
515 1795 642 1864 Eadem
656 1798 705 1866 M.
720 1781 855 1864 Scauri
874 1795 1033 1864 fortuna:
1051 1819 1145 1888 aeque
1160 1808 1312 1866 senectus
1328 1792 1430 1890 longa
1444 1819 1482 1864 ac

409 1904 568 1990 robusta,
580 1903 666 1972 idem
679 1903 820 1972 animus.
838 1903 906 1990 Qui
921 1927 1024 1996 quum
1036 1927 1098 1996 pro
1110 1902 1238 1974 Rostris
1254 1915 1481 1989 accusaretur,

408 2010 536 2130 quoda
558 2035 636 2104 rege
658 2009 852 2079 Mithridate
871 2009 916 2077 ob
937 2007 1180 2104 rempublicam
1196 2007 1406 2129 prodendam
1426 2033 1480 2128 pe·

410 2119 542 2188 cuniam
562 2117 758 2211 accepisset,
776 2139 909 2186 causam
928 2141 1022 2186 suam
1038 2117 1083 2186 ita
1099 2117 1188 2210 egit:
1212 2117 1302 2186 «Est
1314 2141 1405 2184 emm
1423 2118 1479 2184 ini·

408 2249 529 2319 quum,
546 2223 711 2311 Quirites,
732 2248 840 2352 quum⁵
855 2223 942 2290 inter
960 2222 1084 2291 alios
1054 2224 1210 2310 vixerim,
1225 2221 1315 2316 apud
1333 2221 1416 2292 alios
1429 2248 1480 2290 me

408 2333 571 2400 rationem
587 2330 663 2398 vitas
681 2314 859 2413 reddere⁵;
884 2329 942 2398 sed
960 2344 1072 2398 tamen
1090 2329 1220 2398 audebo
1238 2353 1319 2416 vos,
1338 2354 1478 2423 quorum

409 2437 515 2556 major
536 2461 613 2532 pars
630 2435 815 2505 honoribus
838 2451 871 2504 et
891 2437 972 2504 actis
994 2437 1075 2504 meis
1093 2437 1250 2504 interesse
1267 2461 1338 2504 non
1356 2438 1478 2554 potuit,

410 2543 631 2638 interrogare:
645 2543 768 2612 Varius
778 2567 988 2612 sucronensis
994 2527 1185 2612 AEmrhum
1196 2544 1379 2630 Scaurum,
1392 2545 1479 2638 regia

409 2649 562 2720 mercede
581 2663 794 2743 corruptum,
814 2651 991 2744 imperium
1013 2648 1129 2744 populi
1151 2673 1280 2719 romani
1272 2649 1477 2744 prodidisse

409 2758 478 2825 ait:
498 2753 648 2825 AEmilius
669 2757 812 2826 Scaurus
834 2756 913 2825 huic
931 2781 965 2825 se
985 2755 1121 2826 affinem
1145 2781 1215 2826 esse
1231 2755 1354 2854 culpae⁷
1370 2769 1476 2851 negat.

451 2986 476 3022 1.
486 2969 654 3038 Integerrimo.
662 2967 702 3020 Ut
712 2967 758 3038 qui
769 2984 859 3020 eoram
871 2967 922 3020 ini·
968 2979 1046 3022 atrox
1059 2967 1223 3040 longumque
1232 2968 1396 3022 concitatum
1405 2980 1475 3022 esset.

408 3049 478 3102 mico
493 3047 583 3100 omnia
597 3066 688 3119 gerere
707 3045 829 3101 audehat.
1009 3049 1035 3102 ⁵.
1056 3049 1106 3100 Est
1122 3055 1185 3100 urim
1192 3087 1291 3104 ..........
1305 3049 1414 3102 adiere.
1428 3047 1477 3101 Alii

448 3149 473 3182 a.
487 3127 559 3181 cao.
577 3129 627 3180 An.
639 3127 707 3181 Urb.
724 3127 829 3180 circiter
855 3127 921 3198 575.
966 3127 1192 3198 interpretantur:
1204 3156 1214 3176 ι
1225 3130 1301 3182 Inter
1314 3131 1475 3201 majoresve·

409 3210 476 3262 Cato
494 3207 686 3260 calumniarum
708 3207 764 3260 sere
783 3225 922 3278 nunquam
966 3219 1034 3260 atros
1048 3207 1116 3274 vixi;
1131 3221 1279 3262 vosautem
1294 3209 1378 3262 vitam
1395 3228 1475 3264 meam

408 3308 502 3360 expers
519 3284 613 3357 (quod
628 3287 752 3342 severitas
765 3285 857 3340 odium
874 3307 922 3358 pa·
965 3305 1014 3358 per
1034 3301 1138 3342 atatem
1154 3308 1264 3342 noscere
1288 3302 1412 3343 accurate
1426 3309 1474 3342 noa

406 3365 474 3434 rit),
490 3365 646 3439 quadragies
666 3379 823 3436 quaterent
842 3367 921 3438 quin·
965 3368 1092 3438 potestis;
1120 3369 1207 3422 ulii:
1224 3394 1235 3416 ι
1255 3369 1320 3424 Vixi
1337 3371 1474 3430 maximam

406 3449 514 3519 quagies
530 3458 665 3500 accusatus
680 3465 709 3499 ac
723 3444 824 3516 judicio
838 3447 922 3500 hono·
965 3460 1066 3518 partem
1074 3449 1101 3500 iu
1112 3447 1234 3512 Oriente,
1243 3467 1350 3504 musam
1360 3469 1433 3504 nuuc
1440 3448 1475 3502 di·

408 3529 482 3581 rifice
496 3527 631 3580 absolutus
647 3523 754 3580 dicitur.
965 3540 1055 3580 cturus
1068 3529 1185 3582 Roma.»
1201 3529 1378 3584 Mhrusbeue.

448 3609 475 3660 3.
496 3609 655 3660 Proestantr'a.
675 3605 719 3660 Sic
739 3623 832 3660 omnes
846 3606 919 3660 libri.
1006 3612 1032 3660 6.
1056 3608 1148 3660 Varius
1161 3609 1474 3673 demetriam,

407 3687 528 3756 Kappius
554 3699 643 3740 tamen
669 3685 745 3738 malit
768 3691 917 3756 prasentia,
966 3691 1000 3752 6,
1019 3689 1153 3751 4.Vsrius
1166 3687 1297 3744 oriundus
1312 3709 1345 3744 ea
1361 3690 1475 3744 &mone

407 3763 480 3836 quod
492 3767 583 3818 Vorst.
599 3763 827 3838 conjeceratvid.
841 3785 920 3838 supra
964 3766 1066 3838 oppido
1085 3767 1219 3840 Hispania
1241 3772 1316 3840 juxta
1331 3771 1474 3824 Sucronem

406 3848 450 3912 11,
468 3849 502 3910 6,
524 3864 568 3900 ιι.
964 3846 1085 3900 fluvium.
1100 3849 1154 3902 Alii
1169 3850 1262 3920 legunt
1276 3855 1422 3905 mmmmm

448 3932 474 3988 d.
487 3925 525 3980 Μ.
536 3924 631 3979 Scauri.
642 3929 693 3980 An.
704 3927 739 3978 U.
751 3929 818 3981 662.
832 3926 919 3991 Quin·
1004 3947 1030 3997 7.
1044 3926 1152 3997 Affinem
1161 3950 1209 3982 esso
1219 3931 1305 4000 culum.
1316 3930 1350 3986 Id
1359 3931 1473 3999 est,ejus

407 4004 446 4056 til.
461 4007 502 4063 V,
517 4024 561 4059 ra.
575 4006 704 4072 Scaurus,
718 4007 775 4060 aliis
792 4006 916 4069 testibus,
962 4008 1118 4079 participem
1134 4027 1197 4064 esse.
1214 4009 1258 4064 Sic
1272 4030 1342 4083 saepe
1363 4012 1471 4074 OEcmo.

407 4096 542 4138 accusatio
563 4098 617 4152 est,
633 4084 707 4156 quod
719 4089 792 4156 ejus,
805 4086 918 4158 pecunia
962 4101 994 4140 ut
1009 4089 1113 4142 Inveut.
1125 4091 1164 4153 Π,
1180 4096 1227 4156 443
1240 4109 1291 4163 pro
1303 4089 1374 4163 Sylla
1388 4095 1413 4160 s.
1426 4109 1469 4160 7⁰·

404 4165 544 4234 corrupti,
566 4165 678 4216 consilio
699 4165 798 4218 bellurn
824 4167 919 4218 sociale
963 4165 1027 4221 Vid.
1044 4169 1131 4233 insta,
1148 4171 1233 4234 VIII,
1253 4177 1283 4236 4,
1304 4192 1328 4225 a.
