3196 5122
226 458 330 526 CAP.
354 456 421 544 IV,
442 455 510 524 DE
538 453 731 524 HUMILI
759 455 899 525 LOCO
926 454 1085 526 NATIS.
1144 456 1218 530 225

143 592 208 680 ris,
238 604 337 660 aucta
358 587 514 688 majestas
540 599 689 675 senatus,
717 602 899 683 prorogata
930 587 1074 678 familia,
1097 590 1132 660 in
1154 615 1221 686 qus

142 698 325 768 maximum
340 695 443 766 decus
461 694 627 791 posterior
644 709 696 764 est
713 709 807 764 ortus
828 697 923 766 Cato.

176 909 228 962 nn
247 905 406 964 numm
425 903 536 960 noco
557 887 681 958 rums
702 903 777 970 Qur
798 904 922 960 curm
941 905 1191 965 rvssrauur

513 1001 625 1055 trun
645 1001 849 1057 rxrsros.

204 1183 234 1230 ι.
256 1157 323 1229 Sed
343 1171 382 1227 ut
398 1155 559 1227 Romanis
584 1167 723 1225 externa
737 1156 932 1252 jungamus,
959 1155 1128 1231 Socrates¹
1151 1187 1221 1232 non

143 1264 253 1337 solum
266 1259 441 1336 hominum
456 1287 640 1351 consensu,
654 1287 772 1331 verum
790 1264 890 1332 etiam
908 1263 1070 1360 Apollinis
1085 1268 1222 1344 oraculo

143 1373 406 1469 sapientissimus
425 1369 610 1466 judicatus,
635 1367 821 1438 Phanarete
841 1383 949 1440 matre
971 1370 1167 1465 obstetrice,
1188 1391 1224 1447 et

143 1481 374 1576 Sophronisco
400 1492 496 1573 patre
518 1476 739 1544 marmorario
766 1476 916 1571 genitus,
938 1477 981 1547 ad
1003 1473 1223 1553 clarissimuni

144 1585 260 1656 lumen
276 1586 388 1682 gloriae
402 1583 560 1668 excessit,
575 1605 683 1676 neque
695 1582 879 1672 immerit03
893 1609 970 1654 nam
985 1611 1089 1681 quum
1109 1589 1222 1658 erudi-

144 1695 353 1763 tissimorum
376 1691 527 1759 virorum
550 1688 683 1782 ingenia
703 1689 738 1756 in
754 1688 978 1784 disputatione
999 1691 1102 1763 caeca²
1122 1719 1222 1792 vaga-

143 1814 280 1886 rentur,
301 1819 538 1890 mensurasque
554 1792 631 1863 solis
645 1809 680 1863 et
697 1789 799 1884 lunae,
813 1810 847 1865 et
861 1811 1057 1868 caeterorum
1077 1799 1222 1872 siderum

144 1903 342 2000 loquacibus
356 1902 479 1997 magis,
497 1923 598 1995 quam
612 1903 711 1972 certis
726 1907 931 1996 argumentis
942 1903 1107 2000 explicare
1122 1933 1222 1977 cona·

144 2027 282 2097 rentur,
299 2009 400 2078 totius
414 2009 514 2077 etiam
530 2005 647 2075 mundi
667 2007 831 2076 ambitum
852 2009 1029 2105 complecti
1044 2011 1222 2104 auderent,

145 2119 276 2212 primus
297 2117 340 2184 ab
360 2115 412 2184 his
429 2113 572 2184 indoctis
594 2113 762 2183 erroribus
781 2113 961 2204 abductum
984 2120 1154 2208 animum,
1172 2123 1222 2190 in·

145 2225 229 2292 tima
244 2222 442 2292 conditionis
456 2221 628 2306 humanae,
647 2221 735 2290 acin
754 2245 883 2291 secessu
899 2226 1044 2318 pectoris
1058 2229 1222 2321 repositos

142 2329 288 2400 affectus
302 2329 443 2400 scrutari
458 2327 591 2422 coegit:
611 2329 638 2397 si
655 2328 761 2396 virtus
778 2351 838 2422 per
852 2331 1005 2424 seipsam
1023 2334 1221 2425 aestimetur,

141 2437 222 2507 vitae
240 2437 397 2533 magister
418 2436 575 2530 optimus.

201 2568 234 2613 a.
258 2545 371 2633 Quam
397 2555 538 2611 matrem
562 2523 768 2635 Euripides',
799 2555 857 2612 aut
875 2563 977 2636 'quem
999 2559 1129 2639 patrem
1149 2551 1217 2618 De-

140 2651 335 2721 mosthenes
346 2648 520 2738 habuerit,
539 2649 688 2743 ipsorum
700 2672 833 2744 quoque
849 2649 960 2719 seculo
973 2652 1126 2746 ignotum
1145 2653 1216 2725 fuit.

139 2852 252 2926 suisque
265 2850 388 2924 auspiciis
399 2850 502 2923 populo
514 2867 581 2902 rom.
597 2848 660 2901 sub·
703 2866 769 2902 vero
780 2849 952 2920 potissimum
967 2848 1096 2906 doctriua
1110 2872 1218 2910 morum

136 2934 215 3006 jecit.
235 2964 276 2976 -
295 2933 444 3001 Prorogota.
466 2929 614 3001 Propagata
634 2937 661 2982 ct
704 2926 780 2982 dedit
794 2945 911 3000 operam.
929 2961 971 2972 -
985 2931 1119 2984 Ambitum.
1140 2933 1217 2989 Non·

139 3026 308 3067 extensu-
322 3013 454 3064 Posterior.
469 3009 610 3062 Uticensis.
703 3007 771 3063 nulli
792 3006 870 3062 codd.
896 3009 1022 3072 habitam
1045 3009 1092 3064 sed
1109 3027 1217 3084 prestat

188 3111 213 3146 1.
226 3092 346 3146 Socrates.
357 3092 445 3156 Quem
453 3107 485 3142 ex
497 3087 662 3160 Xenophon·
703 3088 828 3150 ambitum,
839 3102 951 3161 propter
961 3091 1073 3146 verbum
1083 3095 1214 3164 complecti.

138 3174 177 3228 tis
196 3171 430 3235 memorabilibus,
452 3169 569 3222 Platonis
582 3169 659 3221 Pbae·
702 3200 743 3212 -
773 3169 888 3223 lodosiis.
914 3170 968 3224 Alii
994 3171 1081 3242 legere
1112 3175 1215 3229 malunt

136 3253 217 3308 done
231 3263 257 3304 et
268 3251 387 3322 Diogene
397 3247 503 3302 Laertio
514 3249 575 3301 satis
585 3249 661 3301 novi·
702 3247 794 3310 doctis,
813 3249 887 3321 quasi
907 3248 1059 3324 disciplinas
1086 3253 1214 3325 quasdam

135 3328 292 3387 mus.Vide
304 3331 389 3384 Cicer.
397 3329 505 3384 Tuscul.
519 3327 605 3400 un.
617 3359 659 3372 -
701 3328 898 3384 matirematicas
916 3330 999 3386 facete
1016 3333 1099 3386 doctos
1122 3355 1214 3388 errores

136 3409 658 3480 Mar-moraris.Gracivooanttrdsuqus,
701 3407 1167 3482 vocasset,quodnibiloonlerantad
1175 3417 1213 3470 vi·

137 3492 378 3566 dystpsso'pupos.
702 3499 755 3542 tam
763 3489 874 3544 honeste
883 3490 1020 3562 agendam.
1030 3491 1073 3546 sic
1081 3494 1213 3567 Diogenes

186 3591 214 3626 s.
228 3571 260 3623 Irr
276 3570 436 3642 disputatione
451 3586 522 3621 coco.
539 3565 660 3639 Physicis
700 3570 823 3642 cynicus,
834 3570 917 3624 homo
931 3572 980 3624 ari
1001 3571 1042 3626 sui
1055 3574 1211 3646 ingeniosis·

135 3649 658 3720 noniavitSocrates,quumplerumque
700 3650 1003 3723 simussalsissimusque,
1012 3654 1212 3711 mathematicos

135 3753 199 3787 non
217 3743 271 3784 tam
287 3729 364 3784 utilia
377 3728 486 3800 cognitu
497 3728 657 3800 pervestiga·
699 3729 827 3792 πλάνητας
848 3732 1004 3803 appellabat.

134 3825 221 3878 rent,
236 3831 314 3883 quam
330 3807 489 3881 conjecturis
502 3807 556 3861 suis
570 3809 599 3860 in
612 3827 657 3860 su·
742 3809 768 3862 3.
783 3811 864 3880 Qrsom
874 3823 971 3862 matrem
978 3813 1116 3884 Euripides.
1124 3815 1211 3872 Mater

135 3889 656 3967 perisregionibusincertivagarentur‚
699 3889 1210 3963 suitClito‚paterMnesarclrur,honesti

135 3972 285 4028 subtilibus
293 3969 524 4044 disquisitionibus
534 3987 561 4022 se
570 3967 657 4040 impli·
698 3969 811 4042 generis.
818 4001 857 4012 -·
866 3972 1043 4028 Demosthenes.
1053 3967 1211 4034 Demosthe.

135 4066 301 4121 cantes,nec
307 4071 349 4105 res
355 4052 485 4104 humanas
490 4049 656 4122 etprincipue
698 4049 739 4104 nis
747 4062 851 4122 patrem
861 4049 980 4122 ejusdem
990 4055 1105 4110 nominis
1110 4057 1212 4114 Plutus*

135 4132 587 4188 mentiscorreotionemcurarent:
599 4129 656 4202 lpse
698 4129 765 4184 obus
785 4131 874 4186 sirum
895 4134 1027 4204 probum,
1052 4135 1211 4206 honesturn,

195 4246 225 4310 Ι.
981 4241 1023 4313 15
