3190 5122
329 533 438 605 cas.
465 532 629 620 1v,nn
656 531 999 603 raurnnrsrn.
1124 559 1196 634 297

139 671 295 766 angustia
311 669 358 738 rei
377 665 544 736 familiaris
557 659 657 762 (quid
675 691 767 735 cesso
785 667 955 763 proprium
975 655 1096 738 nometi
1114 671 1199 742 veri-
1222 691 1225 698 ·

138 780 198 846 tati
217 766 393 863 redderet)
420 770 581 842 bubulcos
602 772 674 841 lieri
696 773 869 870 cogebant.

192 880 225 954 5.
253 879 401 952 Atilium¹
426 894 554 966 autem,
568 880 625 973 qui
645 878 779 948 adeum
800 881 1032 950 arcessendum
1048 905 1066 950 a
1082 896 1197 952 senatu

136 989 226 1060 missi
253 1003 347 1058 erant
375 986 418 1056 ad
442 987 617 1082 imperium
638 985 753 1081 populi
779 989 907 1056 romani
932 989 1198 1083 suscipiendum,

137 1097 260 1164 semina
275 1107 485 1191 spargentem
499 1091 669 1180 viderunt;
684 1092 741 1161 sed
757 1090 818 1162 illae
828 1095 952 1164 rustico
963 1119 1063 1190 opere
1079 1096 1197 1165 attrita

135 1200 269 1272 manus'
285 1199 423 1272 salutem
445 1196 612 1294 publicam
640 1198 862 1288 stabilierunt,
884 1202 1032 1296 ingentes
1050 1200 1196 1272 hostium

135 1309 248 1402 copias
273 1305 568 1402 pessumdederunt
588 1330 595 1371 :
617 1329 755 1399 quaeque
777 1306 877 1376 modo
904 1309 1069 1378 arantium
1094 1307 1195 1377 boum

131 1412 250 1508 jugum
268 1425 436 1500 rexerant,
449 1407 659 1503 triumphalis
673 1435 790 1480 currus
805 1413 952 1482 habenas
966 1415 1172 1484 retinuerunt
1186 1441 1196 1502 3

133 1543 197 1589 nee
214 1519 277 1588 luit
297 1519 335 1587 iis
353 1518 484 1602 rubori,
503 1515 651 1584 eburneo
665 1503 828 1608 scipione³
846 1518 1014 1611 deposito,
1032 1534 1194 1612 agrestem

132 1624 251 1694 stivam
271 1626 373 1694 aratri
394 1637 552 1717 repetere.
575 1622 687 1690 Potest
701 1644 862 1715 pauperes
877 1621 1041 1694 consolari
1054 1621 1195 1712 Atilius;

132 1730 191 1798 sed
210 1729 318 1800 multo
334 1729 439 1822 magis
461 1727 580 1796 docere
598 1725 795 1821 locupletes,
810 1752 915 1822 quam
929 1755 998 1799 non
1016 1732 1060 1800 sit
1081 1755 1193 1800 neces·

131 1838 219 1906 saria
238 1834 348 1906 solidoe
367 1833 472 1902 laudis
486 1818 652 1928 eupidini⁴
663 1833 759 1901 anxia
777 1833 964 1904 divitiarum
979 1838 1191 1930 comparatio.
1209 1879 1213 1888 ·

186 1940 220 2010 6.
236 1940 393 2035 Ejusdem
407 1941 549 2008 nominis
559 1953 593 2008 et
603 1938 770 2032 sanguinis
785 1938 898 2009 Atilius
911 1941 1058 2036 Regulus
1064 1928 1086 2028 ⁵,
1094 1944 1194 2037 primi

129 2047 245 2140 punici
267 2045 345 2115 belli
372 2045 494 2142 gloria,
513 2044 685 2139 cladesque
711 2046 871 2135 maxima,
895 2069 998 2142 quum
1021 2049 1055 2116 in
1078 2049 1192 2118 Africa

129 2151 390 2222 insolentissimae
411 2152 620 2246 Carthaginis
639 2175 719 2246 opes
738 2150 861 2221 crebris
878 2153 1024 2224 victoriis
1047 2169 1191 2224 contun-

128 2257 241 2348 deret,
254 2283 294 2329 ao
313 2274 530 2355 prorogatum
545 2257 606 2327 sibi
618 2257 662 2327 ob
672 2257 758 2328 bene
772 2273 879 2352 gestas
891 2283 943 2329 res
955 2260 989 2328 in
1002 2261 1190 2355 proximum
1241 2289 1247 2298 ’

128 2380 260 2434 annum'
275 2367 450 2462 imperium
477 2378 707 2459 cognosceret,
728 2363 917 2436 consulibus
936 2368 1082 2462 scripsit,
1102 2367 1189 2437 villi-

128 2495 206 2540 cum
222 2471 256 2540 in
269 2471 393 2570 agello,
404 2496 502 2573 quem
518 2485 642 2567 septem
650 2470 805 2565 jugerum
824 2472 858 2540 in
876 2474 1016 2568 Pupinia
1030 2474 1189 2564 habebat,

127 2591 298 2654 mortuum
333 2603 429 2667 esse,
466 2578 739 2672 occasionemque
776 2592 910 2648 nactum
946 2583 1185 2652 mercenarium

128 2790 154 2831 et
165 2779 278 2834 Atilium
290 2781 341 2835 sibi
356 2779 436 2836 duces
452 2793 479 2834 et
491 2779 634 2852 imperato·
678 2777 752 2831 Inter
772 2791 878 2844 cetera,
898 2799 956 2852 quae
973 2781 1117 2836 Masinissa
1134 2782 1183 2836 do-

127 2875 168 2910 res
181 2857 327 2915 vindicasse
345 2873 372 2914 et
389 2879 543 2932 arrogasse,
568 2878 635 2930 quos
677 2871 737 2911 nata
750 2858 824 2912 luere
837 2861 1185 2933 consulibuscompetentia‚

127 2939 253 3009 augustia
272 2942 312 2994 rei
332 2941 467 2994 familiaris
490 2939 634 3011 coegissent
677 2937 801 3008 scipionis
823 2957 929 3010 quoqne
947 2939 1057 2992 eburnei
1072 2942 1184 2994 mentio·

125 3015 159 3072 sd
175 3035 242 3090 opos
255 3021 348 3074 servile
357 3019 534 3076 subeundum.
676 3034 739 3068 nem
752 3016 814 3070 lacit
825 3018 885 3071 Lis.
898 3019 991 3083 XXX,
1008 3018 1041 3072 15
1051 3039 1059 3083 ;
1071 3019 1181 3093 Dionys.

169 3115 194 3150 1.
217 3098 329 3152 Atilium.
345 3102 395 3154 An.
410 3101 445 3153 U,
466 3105 531 3169 496.
547 3098 632 3152 Cicer.
675 3093 761 3149 Helie.
774 3096 832 3163 111,
845 3101 940 3152 δι-
950 3097 1051 3170 Seiron.
1062 3098 1134 3152 Stira
1146 3112 1184 3152 est

124 3177 634 3246 pmuoso.xvn1‚so;1³nn.xvm,
676 3176 831 3229 manubium
853 3176 920 3230 illud
935 3177 1094 3243 incurvum,
1110 3177 1183 3249 quod

126 3255 270 3326 3;Virgi1.
292 3260 353 3310 AEn.
370 3259 423 3321 v1,
445 3259 516 3324 8453
531 3259 632 3313 Lucan.
675 3255 797 3310 manibus
809 3268 913 3310 tenetur
925 3257 1034 3312 arando.

123 3334 152 3401 1,
163 3331 336 3402 mpuritias
345 3337 421 3390 etiam
429 3336 633 3393 Serenusdictus
717 3343 743 3401 A.
759 3334 881 3408 Cupidini.
889 3337 987 3391 Passim
996 3338 1095 3408 cupido,
1108 3337 1190 3409 qnod*

123 3413 260 3474 ssereudo,
268 3414 340 3484 quod
347 3453 355 3481 ‚
362 3434 445 3487 quum
453 3435 545 3487 agrum
556 3436 633 3471 sunm
674 3414 766 3468 itidem
777 3429 844 3470 esset
855 3435 929 3470 ossus
940 3418 1046 3475 rernm,
1059 3435 1115 3469 non
1128 3418 1183 3488 pri·

124 3493 239 3557 coleret,
252 3507 373 3548 evocatus
384 3494 417 3548 ad
428 3515 511 3567 remp.
528 3497 564 3548 ob
578 3497 633 3549 exi·
675 3512 741 3548 mus.
767 3495 882 3565 Cuprib'm'
905 3498 1033 3550 absuaete
1058 3494 1179 3562 dictum,

124 3572 206 3625 mam
217 3571 343 3626 virtutem
353 3576 451 3628 meruit
465 3574 631 3630 dictaturam.
674 3593 749 3626 more
762 3575 872 3628 Valerii.

164 3673 192 3704 a.
216 3652 315 3705 llustr'co
337 3671 406 3724 opere
430 3659 521 3707 attrita
541 3674 631 3709 manns.
716 3654 740 3706 5.
763 3655 856 3706 Atilius
869 3653 983 3724 Regulus.
1000 3655 1050 3707 An.
1066 3655 1100 3708 U.
1113 3659 1178 3726 498.

51 3765 57 3778 .
124 3730 165 3783 Cf.
178 3731 328 3802 symmach.
345 3735 373 3800 1,
391 3735 436 3787 ⁵2.
673 3764 712 3774 -
727 3731 868 3806 cladesque.
888 3732 982 3788 Clades
995 3733 1046 3786 hoe
1065 3735 1123 3788 loeo
1137 3755 1180 3789 ae·

165 3811 192 3863 3.
219 3811 335 3864 Ebumeo
354 3817 466 3885 scipione.
493 3813 631 3868 Ebumeus
675 3811 728 3864 tive
744 3825 794 3872 est,
809 3831 861 3883 qua
879 3813 993 3882 ltegulus
1006 3813 1101 3870 Poenos
1116 3815 1179 3868 affe·

124 3889 207 3962 scipio
214 3903 345 3960 gestamen
354 3894 491 3946 consulare
498 3893 531 3946 ab
538 3894 633 3947 Hetru·
673 3889 724 3956 eit,
744 3904 774 3942 nt
794 3889 864 3962 apud
882 3892 995 3957 Melam,
1010 3893 1055 3956 Π,
1073 3912 1103 3962 7,
1125 3898 1179 3958 64:

125 3968 173 4020 scis
193 3970 304 4023 Romam
318 3971 452 4036 delutum,
468 3971 568 4046 dequo
582 3973 631 4024 Ju-
676 3967 765 4020 Clades
782 3988 888 4024 romana.
908 3971 1014 4042 Lipsius
1032 3972 1107 4024 malit
1123 3978 1179 4046 quio

124 4047 209 4100 venel.
220 4061 267 4102 sat.
278 4051 303 4102 X
315 4069 322 4102 :
674 4047 857 4120 eademqne
865 4047 944 4104 oodd.
957 4069 1012 4104 non
1025 4067 1177 4122 agnoscunt.

125 4135 213 4178 onum
224 4148 242 4180 rt
251 4140 349 4182 volumus
364 4143 478 4201 (equilen)
493 4154 568 4200 seeptro
584 4156 629 4200 qun
673 4159 715 4170 ·-·
727 4128 896 4199 Prorogatur.
912 4129 992 4184 Peuci
1007 4129 1110 4186 wdlces
1117 4153 1179 4205 pm*

176 4198 239 4254 ιι-,ὴ
248 4199 328 4244 om
669 4208 1097 4280 pagrum.siotir.xxu1,25:
1112 4214 1178 4268 Pro-
