3190 5122
387 527 495 598 cnr.
524 523 608 613 111,
635 523 703 595 oa
731 521 999 596 lucraris.
1156 511 1229 600 365

162 667 210 732 M.
235 662 416 730 Antonium
443 662 590 756 rogavit,
617 675 657 728 ut
680 659 732 728 ad
749 661 841 728 illum
860 665 1091 756 proscriptum
1107 687 1231 757 perse-

161 769 329 865 quendum
352 783 388 836 et
402 766 636 862 jugulandum
665 771 880 835 mitteretur:
902 768 1149 862 impetratisque
1176 769 1232 838 de-

161 875 319 946 testabilis
334 875 505 943 ministerii
517 873 681 968 partibus,
696 873 816 968 gaudio
828 871 993 942 exsultans
1001 875 1166 944 Caietam¹
1180 901 1235 946 cu·

161 985 283 1069 currit,
297 997 329 1050 et
346 983 469 1066 virum,
488 982 605 1050 omitto
618 979 707 1073 quod
722 978 930 1074 amplissimae
944 979 1127 1074 dignitatis,
1141 995 1232 1052 certe

162 1088 274 1158 salutis
296 1088 366 1180 ejus
385 1101 573 1174 auctorem,
592 1086 700 1156 studio
720 1088 817 1156 etiam
837 1087 1022 1180 praestantis
1042 1087 1141 1157 officii
1160 1093 1231 1184 pri-

160 1197 263 1263 vatim
284 1196 344 1264 sibi
364 1193 606 1280 venerandum,
623 1190 775 1287 jugulum
796 1193 943 1286 praebere
958 1192 1054 1284 jussit
1071 1219 1080 1280 ;
1102 1217 1141 1263 ac
1160 1221 1232 1289 pro·

163 1303 254 1370 tinus
265 1315 365 1395 caput
377 1325 521 1370 romanae
534 1299 743 1394 eloquentiae,
756 1313 790 1366 et
802 1300 893 1393 pacis
902 1296 1113 1367 clarissimam
1126 1301 1234 1372 dexte*

162 1432 234 1476 ram
244 1407 266 1495 ²,
285 1433 343 1503 per
362 1433 528 1476 summum
548 1422 581 1474 et
596 1429 749 1474 securum
767 1407 886 1490 otium,
907 1407 1109 1498 amputavit3
1129 1433 1232 1504 eaque

164 1516 307 1600 sarcina,
318 1529 485 1607 tamquam
501 1513 621 1606 opimis
637 1510 765 1605 spoliis,
779 1509 888 1579 alacer
902 1513 936 1578 in
949 1511 1066 1579 urbem
1082 1537 1232 1585 reversus

159 1636 230 1708 est;
249 1646 357 1714 neque
374 1605 479 1687 enim³
494 1617 667 1688 scelestum
683 1619 828 1712 portanti
847 1641 930 1686 onus
952 1620 1132 1704 succurrit,
1152 1621 1232 1690 illud

164 1753 199 1796 se
211 1742 311 1822 caput
327 1727 427 1811 ferre,
443 1724 532 1818 quod
548 1751 609 1819 pro
623 1726 731 1818 capite
742 1724 812 1817 ejus
826 1723 994 1818 quondam
1007 1743 1230 1817 peroraverat.

162 1832 321 1902 Invalidce
343 1832 384 1899 ad
405 1832 470 1900 hoc
489 1847 675 1900 monstrum
693 1829 913 1925 sugillandum
930 1829 1031 1898 literae
1048 1883 1057 1917 ,
1076 1833 1233 1925 quoniam
1339 1868 1345 1883 .

163 1940 221 2032 qui
237 1937 337 2007 talem
360 1939 530 2007 Ciceronis
556 1962 670 2007 casum
694 1939 771 2006 satis
792 1937 892 2032 digne
915 1935 1090 2030 deplorare
1114 1943 1233 2034 possit,

166 2043 248 2113 alius
267 2047 386 2130 Cicero
402 2071 470 2113 non
489 2032 622 2114 exstat⁴.

222 2175 254 2247 5.
284 2179 362 2266 Quo
387 2193 419 2247 te
449 2204 538 2247 nunc
564 2177 680 2264 modo,
712 2179 835 2271 Magne
860 2163 1039 2272 Pompei⁵„
1057 2179 1234 2275 attingam,

165 2285 294 2372 nescio;
313 2310 387 2353 nam
404 2300 438 2353 et
454 2282 702 2379 amplitudinem
721 2283 861 2354 fortunoe
878 2298 958 2372 tuae,
974 2310 1047 2378 quae
1065 2287 1233 2380 quondam

165 2417 281 2460 omnes
303 2406 407 2460 terras
432 2406 465 2460 et
489 2393 601 2460 omnia
627 2393 730 2460 maria
761 2390 890 2485 fulgore
912 2415 972 2460 suo
993 2409 1232 2488 occupaverat,

165 2499 311 2584 intueor,
330 2513 363 2566 et
379 2499 508 2566 ruinam
522 2499 591 2592 ejus
607 2498 765 2591 majorem
780 2523 865 2586 esse,
882 2521 981 2592 quam
996 2513 1033 2566 ut
1047 2525 1146 2568 manu
1161 2527 1236 2570 mea

165 2607 320 2672 attentari
341 2603 477 2690 debeat,
502 2607 651 2692 memini;
673 2604 731 2674 sed
752 2619 862 2672 tamen
888 2605 983 2673 nobis
1003 2592 1154 2700 quoque⁶
1180 2622 1232 2676 ta-

166 2712 330 2800 centibus,
353 2713 415 2780 Cn.
441 2711 619 2801 Carbonis,
647 2737 666 2780 u
690 2737 756 2806 quo
774 2710 953 2779 admodum
978 2711 1168 2782 adolescens
1191 2714 1233 2784 de

209 2939 234 2974 t.
257 2921 374 2974 Caietam.
397 2923 468 2974 Urbs
491 2941 547 2974 non
567 2923 646 2992 louge
661 2940 676 2973 a
762 2927 790 2984 4.
804 2921 878 2973 Atta
891 2921 974 2973 Cicera
985 2939 1032 2972 aaa
1042 2933 1128 2974 exstat.
1144 2925 1235 2975 AEmu·

166 3001 265 3052 Baiano
284 3002 361 3068 sinu;
380 3001 443 3054 inde
467 3003 591 3055 Caietana
613 3001 676 3052 villa
720 3001 788 3052 latus
803 3013 842 3052 est
864 3013 957 3053 auctor
972 2998 1038 3052 illud
1053 2999 1087 3053 de
1104 3001 1233 3056 Cicerone

165 3079 237 3131 dicta
249 3092 296 3132 est.
308 3113 350 3122 —
367 3082 447 3150 Quod.
462 3082 619 3134 Perizonius
632 3100 676 3133 su·
720 3079 835 3149 elogium
847 3080 935 3132 Livii:
954 3080 1069 3150 «Siquis
1083 3084 1235 3135 tamenvir-

165 3170 285 3230 spectum
295 3159 384 3212 babet.
394 3161 492 3213 Praeter
501 3180 566 3214 rem.
576 3191 617 3204 -
627 3161 676 3213 Sa·
721 3159 824 3212 tutibus
833 3159 898 3210 vitia
912 3160 1046 3230 pensant,
1058 3160 1099 3212 vir
1110 3179 1235 3232 maguus,

168 3239 232 3291 lutis.
247 3237 337 3290 Plures
352 3237 430 3291 codd.
444 3241 605 3292 salubritatis.
623 3240 675 3291 Mi·
721 3257 793 3302 acer,
809 3239 987 3298 memorabilis
1004 3240 1067 3304 luit,
1084 3251 1110 3293 et
1120 3241 1232 3313 incujua

167 3327 218 3371 nus
230 3319 307 3370 bene.
319 3318 372 3369 Alii
384 3319 481 3371 salubri.
494 3319 572 3373 Male.
581 3321 678 3371 Torre·
720 3315 811 3372 laudes
828 3317 973 3389 sequendas
992 3319 1121 3372 Cicerone
1142 3319 1233 3374 lauda·

167 3398 229 3449 nius
241 3399 361 3468 conjicit:
371 3397 474 3449 salubris
489 3403 549 3450 artis
563 3399 642 3449 stadio
654 3411 678 3449 et
721 3410 779 3450 tore
792 3417 859 3468 opus
869 3399 956 3452 luerit.
966 3424 977 3446 ι

165 3482 305 3546 praestantis
322 3476 406 3546 officii.
426 3480 460 3530 At
474 3477 553 3532 lectio
573 3477 678 3547 vulgata
763 3479 789 3530 5.
803 3478 895 3548 Magire
907 3481 1014 3550 Pompei.
1026 3479 1154 3550 Pompeius
1164 3479 1234 3534 Stra·

168 3556 307 3608 manifeste
323 3569 377 3608 tam
391 3575 453 3610 sana
465 3571 517 3623 est,
531 3570 560 3610 ut
575 3555 677 3610 medico
722 3558 765 3618 to,
781 3575 862 3628 quum
876 3571 972 3630 proter
983 3559 1033 3611 alia
1044 3559 1142 3630 oppida
1152 3562 1234 3633 cepis·

168 3653 225 3688 non
239 3648 320 3706 egeat.
633 3701 637 3714 ,
721 3650 760 3690 aet
775 3639 916 3701 Asculum,
933 3638 1068 3708 peculatus
1079 3653 1117 3692 est
1126 3659 1231 3694 accusa·

211 3735 238 3768 a.
256 3715 339 3785 Caput
345 3753 411 3767 .......
418 3716 547 3769 dexteram.
565 3718 679 3788 Caputa
721 3729 773 3769 tus.
796 3717 828 3768 In
851 3737 883 3770 eo
901 3716 1002 3788 judicio
1020 3737 1035 3770 a
1054 3719 1176 3772 Carbone
1194 3735 1233 3774 est

167 3795 262 3848 Fulvia
280 3795 405 3847 omnibus
426 3796 593 3850 contumeliis
610 3797 679 3849 lace·
723 3794 858 3860 defensus,
880 3797 927 3868 qui
947 3797 1027 3868 igitur
1047 3810 1074 3850 et
1096 3801 1153 3869 ejus
1176 3799 1232 3854 filio

166 3887 265 3928 ratum.
289 3876 416 3940 Dextram,
445 3895 497 3948 qua
520 3876 680 3948 Philippicas
723 3877 851 3946 Pompeio
863 3877 961 3948 Magno
975 3891 1083 3948 paterna
1100 3878 1170 3931 bona
1180 3899 1234 3933 ser-

165 3955 321 4026 scripserat,
336 3956 468 4008 Antonius
481 3975 531 4028 pro
544 3957 635 4009 rostris
643 3955 680 4009 ai·
723 3955 802 4009 tavit.
819 3954 870 4008 Sed
884 3957 1026 4028 Pompeius
1035 3958 1062 4009 in
1071 3957 1150 4010 Sullae
1161 3959 1233 4012 savo-

168 4033 214 4104 figi
227 4035 312 4105 jussit.
724 4053 780 4088 rem
802 4036 950 4088 Carbonem
972 4037 1071 4089 victum
1093 4037 1234 4094 crudeliter

212 4115 238 4166 3.
248 4116 330 4185 Neque
338 4119 408 4168 entia.
421 4113 507 4170 codd.
520 4115 620 4188 aliquot
627 4117 679 4170 Ne·
725 4116 1233 4190 tractavitetinterlicijuasit.An.U.671.

170 4198 252 4264 quasi.
267 4195 349 4266 Magis
365 4197 531 4268 placeteuim.
766 4199 794 4249 6.
824 4197 932 4269 (ittaque.
960 4197 1096 4270 Expuuxit
1115 4197 1234 4270 Pighius.
