3196 5122
394 507 468 580 266
585 506 807 575 VALERII
834 505 1039 574 ΜΑΧΙΜΙ
1067 506 1162 574 Lttt.
1190 505 1255 574 IV.

392 657 472 710 tuno
491 639 681 734 opinionem
700 661 793 708 suam
811 635 954 733 populus
968 661 1052 706 rom.
1074 661 1094 706 a
1114 637 1270 707 Graccho
1287 635 1461 734 deceptam

392 739 566 843 cognovit,
579 744 907 840 moderationemque
921 745 992 840 ejus
1003 743 1118 814 debita
1131 743 1228 814 laude
1239 760 1461 841 prosequutus

394 867 453 924 est

425 981 482 1054 .9.
506 959 545 1028 C.
568 981 701 1053 quoque
723 956 883 1028 Claudius
905 955 1012 1028 Nero¹
1036 958 1122 1026 inter
1147 970 1266 1030 catera
1287 960 1462 1053 praecipuae

395 1063 632 1136 moderationis
658 1064 810 1160 exempla
833 1064 1059 1134 numerandus
1080 1079 1138 1134 est
1162 1065 1246 1134 Livii
1270 1063 1462 1134 Salinatoris

394 1173 429 1241 in
451 1169 659 1242 Hasdrubale
676 1171 897 1266 opprimendo
918 1171 1030 1268 gloriae
1050 1173 1216 1267 particeps
1231 1170 1356 1240 iuerat:
1374 1187 1461 1240 atta·

395 1302 575 1348 maneum
604 1277 866 1374 triumphantem
894 1303 981 1374 equo
1005 1280 1118 1372 sequi,
1149 1303 1248 1372 qnam
1274 1278 1460 1373 triumpho,

395 1409 494 1480 quem
510 1385 541 1456 ei
562 1399 696 1456 senatus
709 1409 802 1479 aque
821 1385 1029 1474 decreverat,
1047 1386 1096 1454 uti
1112 1383 1243 1470 maluit;
1262 1387 1340 1480 quia
1363 1387 1461 1454 resin

395 1492 566 1586 provincia
584 1491 776 1564 Salinatoris
791 1507 882 1587 gesta
898 1487 1032 1564 fuerat².
1049 1493 1127 1560 Sine
1140 1517 1241 1562 curru
1254 1517 1334 1586 ergo
1346 1493 1462 1560 trium·

394 1598 527 1692 pharit‚
552 1622 593 1668 eo
613 1597 745 1692 quidem
767 1597 905 1685 clarius,
930 1597 1020 1693 quod
1043 1596 1128 1668 illius
1152 1600 1291 1670 victoria
1312 1612 1463 1666 tantum·

396 1705 496 1776 modo
514 1703 729 1792 laudabatur,
743 1703 842 1798 hujus
861 1707 959 1774 etiam
978 1704 1173 1774 moderatio.

454 1835 512 1884 ιο.
534 1813 585 1882 Ne
606 1809 781 1882 Africanus
801 1810 933 1906 quidem
955 1795 1135 1906 posterior³
1154 1835 1215 1882 nos
1236 1809 1277 1880 de
1299 1835 1333 1878 se
1354 1823 1464 1878 tacere
1505 1834 1510 1846 ·

396 1920 538 2013 patitur:
555 1919 612 2014 qui
626 1941 758 2004 censor,
777 1943 879 2013 quum
892 1917 1034 1990 lustrum
1050 1903 1238 2000 conderet⁴,
1257 1918 1355 2010 inque
1366 1915 1463 1986 solito

397 2025 468 2096 fieri
490 2023 652 2098 sacrificio
675 2025 783 2096 scriba
807 2050 848 2096 ex
868 2024 1009 2120 publicis
1031 2023 1151 2096 tabulis
1173 2023 1308 2094 solenne
1326 2025 1358 2092 ei
1382 2047 1463 2117 prae·

398 2133 538 2202 cationis
557 2156 692 2204 carmen
715 2133 864 2226 praeiret,
890 2157 957 2227 quo
977 2131 1022 2202 dii
1049 2129 1267 2218 immortales,
1287 2144 1325 2200 ut
1350 2127 1464 2224 populi

398 2240 527 2308 romani
550 2262 602 2310 res
620 2237 772 2310 meliores
795 2238 1037 2334 amplioresque
1057 2237 1223 2328 facerent,
1243 2235 1463 2334 rogabantur:

400 2432 447 2502 pio
455 2429 658 2483 ducesbostium
667 2429 695 2482 in
705 2448 836 2482 currerem
846 2449 910 2484 eon·
955 2427 1113 2504 quibusdam
1126 2429 1289 2490 lustralibus.
1302 2425 1328 2480 id
1343 2440 1400 2488 est,
1412 2427 1466 2499 pia·

398 2510 506 2581 jecerit,
520 2506 661 2580 indignum
675 2507 912 2575 videri,eumdeua
955 2511 1088 2563 sularibus
1110 2509 1243 2563 sacrificiis
1265 2525 1388 2580 purgare.
1416 2507 1465 2558 Lu-

402 2589 477 2642 illum
498 2589 527 2642 in
543 2607 674 2646 carcerem
692 2587 764 2644 duci.
777 2589 913 2646 'Daturum
955 2589 1264 2646 rrnrraetiamdicebator
1276 2589 1359 2642 totius
1366 2587 1465 2640 exerm-

402 2669 490 2741 ipsum
502 2668 614 2742 legimus
624 2669 652 2726 in
666 2668 770 2730 Gettio.
785 2671 804 2724 l.
819 2689 842 2726 c.
956 2685 998 2726 tus
1011 2671 1150 2744 purgatio,
1165 2688 1249 2742 quum
1264 2687 1357 2722 omnes
1374 2686 1465 2720 nurne-

447 2767 471 2802 ι.
493 2749 567 2802 Nero.
590 2751 641 2802 An.
663 2749 697 2802 U.
724 2749 790 2814 ⁵46.
806 2749 913 2816 Livius,
955 2752 1099 2816 rebantur,
1112 2763 1139 2803 et
1154 2751 1200 2822 qui
1216 2747 1250 2802 ad
1266 2767 1338 2801 arma
1358 2745 1465 2800 ferenda

404 2828 540 2893 XXVIII,
560 2848 587 2898 9.
607 2829 679 2882 Nero
697 2843 723 2882 et
737 2829 828 2883 Livius
847 2831 913 2883 llus·
956 2850 1011 2884 non
1026 2844 1101 2884 arant
1112 2829 1216 2894 idonei,
1227 2829 1294 2882 siem
1307 2847 1400 2892 unes,
1414 2827 1466 2879 exi·

404 2907 543 2962 drubalana
555 2909 583 2962 in
597 2909 683 2964 Gallia
699 2908 825 2982 cisalpina
841 2909 914 2964 baud
956 2912 1112 2975 mabuntur,
1133 2911 1255 2982 juniores
1276 2905 1466 2961 ednoebantur.

404 2990 498 3060 procul
510 3009 525 3042 a
539 2989 671 3043 Placentia
684 2991 810 3046 vicerant.
957 2993 991 3044 Et
1003 3003 1067 3044 tunc
1079 2989 1179 3042 condere
1191 2991 1305 3042 luatnam
1321 2987 1465 3058 significat,

446 3088 472 3122 a.
489 3069 603 3139 Quium...
614 3073 707 3138 suerat.
724 3069 808 3124 addis
822 3071 915 3124 Livius
956 3071 1070 3124 luatmrrn
1071 3069 1293 3141 finire—Solito
1294 3067 1360 3138 fieri.
1368 3065 1401 3119 ld
1412 3081 1466 3132 est,

404 3148 481 3201 aliam
498 3167 601 3202 musam
618 3167 625 3202 r
644 3177 655 3198 ι
671 3153 798 3223 quoniam
810 3171 843 3204 eo
855 3149 914 3218 die,
957 3149 1062 3204 modico
1078 3161 1215 3223 apparatu.
1228 3147 1468 3210 Sacrificiumrur·

404 3246 458 3299 quo
471 3241 617 3300 pugnaturn
632 3229 915 3300 ioret,ajueiorteuu·
958 3231 1083 3284 ”tuentia
1107 3249 1152 3284 seu
1176 3229 1322 3282 solitaurilia
1348 3226 1466 3288 dictum,

403 3308 516 3379 spiciam
532 3308 774 3372 fuisset‚exercitue
788 3310 915 3364 Livianus
957 3310 1077 3362 omniurn
1109 3311 1294 3364 lustrationum
1326 3309 1466 3380 proprium

404 3385 533 3441 deductus
545 3389 656 3440 llornaua
665 3388 792 3452 venisset,
800 3389 915 3443 Neronis
957 3389 1023 3454 tuit,
1037 3409 1066 3442 ac
1081 3391 1215 3462 precipue
1230 3387 1394 3442 lustrationis
1406 3406 1465 3442 eea·

404 3465 910 3539 depmvtuotsdeductnonpotutma..
956 3470 1048 3534 soria,
1070 3469 1117 3522 ubi
1137 3489 1228 3535 suem,
1251 3487 1344 3533 ovem,
1362 3479 1466 3520 taurum

447 3547 473 3598 3.
486 3547 526 3600 Ne
536 3547 669 3614 Africanus
678 3547 771 3620 quidam
779 3553 914 3620 posterior,
957 3549 1136 3603 immolarunt.
1156 3549 1287 3602 Nonnulli
1303 3566 1354 3622 pro
1370 3565 1377 3599 ε
1395 3549 1466 3597 solito

404 3635 455 3677 etc.
469 3628 518 3679 An.
534 3627 568 3678 U.
584 3629 617 3680 dr
627 3645 651 3681 r.
950 3628 1011 3699 fieri
1015 3668 1022 3690 ,
1037 3631 1187 3682 maluerunt
1201 3631 1303 3700 legere:
1314 3627 1468 3679 swutarrrili

447 3711 473 3768 4.
494 3706 606 3758 Lustrum
624 3707 743 3759 maderet.
765 3709 913 3762 Censorum
955 3708 1080 3780 sacrificio.
1103 3733 1140 3746 -
1164 3709 1276 3762 Carmen.
1304 3709 1466 3770 Carmen,u

404 3796 461 3838 erat
476 3784 545 3838 iuter
563 3785 613 3837 alia
631 3807 724 3840 orarum
733 3790 817 3856 fircere
833 3801 860 3842 et
875 3789 913 3841 iu·
956 3787 1104 3862 carpendo,
1119 3790 1214 3862 sepius
1233 3789 1342 3843 denotat
1366 3787 1467 3840 formu·

404 3877 480 3917 struae
493 3865 600 3918 madere.
612 3867 727 3920 Consum
742 3869 826 3922 iacere
842 3881 912 3934 erat,
956 3869 1025 3936 lam,
1041 3868 1076 3922 de
1094 3887 1145 3942 qua
1168 3870 1236 3924 nihil
1257 3869 1353 3922 licebat
1371 3867 1467 3920 immu-

403 3963 576 3999 romanorum
595 3948 693 4000 civium
715 3950 800 4021 capita
815 3947 913 4002 descri-
956 3959 1029 4007 tare,
1049 3950 1116 4003 sieut
1136 3968 1185 4004 nec
1205 3948 1240 4002 de
1254 3947 1364 4020 reliquie
1379 3945 1467 3999 verbis

404 4025 468 4078 bere
478 4039 504 4078 et
518 4025 546 4078 in
561 4025 653 4082 classes
666 4047 716 4100 pro
731 4030 846 4101 cujusvis
858 4029 915 4102 opi·
956 4030 1070 4083 sacratis.
1085 4027 1164 4082 Unde
1177 4028 1301 4084 dicebaut
1316 4027 1396 4080 aeriis
1402 4045 1467 4097 proe·

403 4103 453 4154 bus
479 4105 618 4175 conjicere.
648 4106 770 4162 Condere
800 4109 914 4161 lustrum
956 4111 1006 4172 ire,
1019 4110 1081 4163 item
1094 4129 1152 4163 aare
1159 4115 1254 4181 proer're.
1265 4109 1306 4164 cf.
1316 4107 1376 4162 Liv.
1385 4107 1469 4170 vm,

404 4185 579 4255 erat,quiuto
587 4205 693 4259 quoque
702 4207 772 4243 auno
780 4189 913 4245 civitatem
958 4191 1049 4257 9311,
1064 4192 1108 4243 28.
