3190 5122
366 535 472 604 etr.
501 512 973 620 111,'DE1NG1tATts.
1130 533 1206 608 363

134 669 240 766 leges,
258 691 393 764 pacem,
411 665 662 760 libertatemque
678 667 711 732 in
728 689 788 734 suo
804 656 891 735 statu
911 667 1104 754 retinuerat,
1119 669 1206 739 banc

134 775 319 846 mercedem
339 774 428 860 tulit,
448 798 490 841 ne
513 774 546 840 in
573 773 655 840 urbe
678 787 790 842 nostra
814 789 1022 842 moreretur:
1042 775 1206 870 siquidem

132 883 258 953 invidia
283 897 317 950 et
338 882 577 950 obtrectatione
610 878 822 974 compulsus,
850 879 1014 976 legatione
1040 905 1059 949 a
1088 895 1207 952 senatu

133 991 235 1059 libera
255 991 451 1084 impetrata,
470 988 647 1082 habitaque
663 989 837 1075 concione,
860 1011 925 1082 qua
942 1011 962 1055 a
980 989 1052 1057 Diis
1069 990 1205 1060 immor-

132 1097 254 1166 talibus
272 1099 378 1190 petiit,
396 1121 438 1164 ne
460 1120 607 1189 unquam
631 1093 673 1162 ad
695 1096 862 1188 ingratam
881 1092 1041 1189 populum
1056 1111 1205 1166 reverte-

131 1219 251 1288 retur,
281 1205 314 1270 in
344 1202 486 1273 Siciliam
518 1202 687 1297 profectus
712 1215 785 1286 est;
818 1202 929 1296 ibique
957 1215 1209 1296 perseveranter

132 1311 314 1397 morando,
330 1325 519 1405 compotem
536 1335 571 1377 se
589 1309 658 1376 voti
676 1308 773 1376 fecit:
791 1310 937 1402 quinque
954 1309 1055 1402 igitur
1071 1309 1206 1378 demum

132 1418 279 1488 Cornelii
299 1419 437 1487 totidem
457 1431 534 1484 sunt
553 1417 721 1484 notissima
747 1415 883 1509 ingrate
903 1417 1018 1510 patriae
1038 1414 1206 1510 exempla3

131 1541 231 1620 atque
250 1526 370 1593 horum
389 1524 521 1618 quidem
540 1547 685 1590 secessus
705 1519 893 1590 voluntarii.

185 1630 313 1700 Ahala¹
349 1655 454 1716 vero,
487 1655 588 1722 quum
620 1631 776 1723 magister
804 1630 953 1724 equitum
981 1631 1036 1723 Sp.
1067 1626 1206 1696 Melium

133 1763 274 1831 regnum
291 1737 503 1806 affectantem
518 1735 708 1823 occidisset,
723 1736 895 1806 custoditae
910 1736 1068 1806 libertatis
1083 1736 1205 1804 civium

133 1844 247 1913 exsilio
267 1869 327 1911 suo
344 1869 457 1938 poenas
474 1843 640 1938 pependit.

190 1949 222 2020 3.
242 1954 409 2019 Ceterum
425 1966 462 2019 ut
476 1965 608 2019 senatus
623 1947 803 2044 populique
818 1972 911 2018 mens
924 1950 957 2016 in
973 1947 1110 2017 modurn
1124 1947 1207 2017 subi·

133 2072 176 2124 tac
201 2059 403 2151 tempestatis
424 2059 609 2143 concitata,
628 2056 691 2125 leni
711 2055 863 2150 querela²
886 2053 1115 2150 prosequenda
1136 2069 1203 2124 est:

108 2241 113 2248 ,
133 2165 179 2231 ita
201 2149 422 2258 singulorum³
446 2165 574 2258 ingrata
596 2163 683 2232 lacta
702 2162 853 2231 liberiore
874 2163 1100 2256 indignatione
1121 2187 1203 2257 pro-

134 2270 313 2339 scindenda
335 2284 430 2354 sunt;
456 2273 533 2365 quia
558 2285 710 2366 potentes
733 2268 876 2356 consilii,
902 2295 1005 2363 quum
1026 2283 1206 2362 utrumque

132 2380 262 2446 ratione
276 2377 480 2473 perpendere
495 2377 620 2461 liceret,
638 2376 743 2446 scelus
758 2378 871 2472 pietati
888 2375 1123 2472 praetulerunt:
1138 2399 1205 2470 quo

133 2486 223 2552 enim
250 2472 395 2572 nimbo⁴,
425 2509 490 2580 qua
521 2484 664 2579 procella
690 2485 890 2570 verborum,
913 2485 1051 2578 impium
1079 2478 1204 2552 Sextilii

133 2605 235 2686 caput
260 2593 357 2660 obrui
380 2590 548 2660 meretur?
570 2592 660 2687 quod
685 2595 724 2662 C.
747 2594 912 2661 Ctesarem
921 2577 944 2680 ⁵,
965 2615 985 2658 a
1010 2615 1077 2685 quo
1097 2613 1202 2685 quum

178 2811 202 2844 r.
225 2793 317 2845 Abala.
337 2795 387 2845 Aa.
405 2793 441 2846 U.
462 2793 525 2863 317.
540 2792 646 2856 Livius,
688 2791 799 2843 melium
812 2803 912 2843 rocam.
926 2789 1028 2842 Verum
1041 2790 1124 2862 paulo
1139 2803 1201 2862 post

134 2870 184 2935 IV,
205 2879 254 2936 143
267 2873 323 2926 Cic.
340 2874 399 2926 Cat.
411 2875 437 2936 1,
458 2891 523 2926 1.-
537 2873 645 2942 Regum
688 2872 805 2942 populus
827 2889 953 2922 romanus
969 2871 1079 2922 Ahalam
1095 2869 1203 2922 darnae-

135 2952 297 3017 assectuatem.
313 2953 398 3024 Hujus
410 2953 530 3005 criminis
541 2970 645 3022 semper
689 2964 746 3003 tum
758 2952 785 3004 in
799 2951 918 3004 exsilium
933 2952 972 3002 ire
983 2949 1077 3021 coegit.

134 3031 191 3082 lere
211 3045 273 3082 eunt
294 3033 456 3099 insimulati,
472 3033 538 3104 qui,
559 3033 645 3103 plebis
731 3051 756 3084 ι.
787 3031 847 3082 lani
872 3031 975 3103 querela.
998 3029 1077 3084 MSS.
1101 3047 1199 3082 norem

134 3123 222 3179 partes
230 3112 439 3181 egentes,legern
451 3113 578 3183 agrariam
586 3129 647 3182 per-
688 3111 981 3182 habent,utlegebstnr
989 3109 1199 3182 antel’ighium,

135 3191 223 3255 ferre,
240 3203 286 3242 aut
305 3191 390 3260 plebis
411 3192 527 3244 favorem
551 3205 645 3245 contra
689 3193 736 3244 lsai
748 3191 852 3264 querela.

134 3269 308 3340 patriciorum
325 3271 471 3341 potentiam
489 3272 538 3324 sibi
552 3291 645 3342 parare
730 3273 756 3326 3.
781 3273 821 3325 tra
844 3271 1004 3342 cingulanae,
1022 3283 1073 3324 etc.
1094 3269 1146 3322 Aa.
1162 3269 1199 3323 U.

135 3362 276 3403 tentarent.
298 3349 343 3421 Sp.
370 3350 467 3403 Melius
483 3367 515 3403 ex
531 3353 645 3422 equestri
690 3355 756 3406 666.
767 3351 830 3404 Vid.
847 3351 905 3405 Cic.
921 3350 955 3404 de
968 3351 1017 3404 Or.
1029 3352 1089 3414 111,
1103 3351 1132 3404 3.

135 3427 335 3501 ordine,quum
344 3431 436 3483 caritas
447 3443 643 3496 casertanum,
730 3438 757 3496 4.
778 3431 874 3486 Nimbo.
890 3431 943 3483 Alii
955 3449 961 3484 :
972 3430 1072 3506 utendo,
1090 3432 1141 3483 deri
1157 3435 1200 3482 τοῦ

136 3509 271 3561 frumento
284 3529 315 3562 er
327 3511 429 3562 Etruria
438 3511 645 3582 coemptolargi·
688 3510 830 3583 taptttm,
855 3509 1035 3585 proscindere.
1069 3511 1200 3563 Dubitent

137 3588 222 3641 tiones
238 3590 364 3643 frumenti
380 3591 464 3644 secere
478 3591 606 3654 instituit,
619 3604 645 3644 et
687 3593 773 3658 enirn,
787 3612 821 3646 sn
836 3592 897 3664 quis
909 3590 1026 3644 dixerit:
1042 3592 1135 3644 nimbus
1144 3609 1199 3642 ver·-

136 3687 184 3737 per
201 3669 305 3740 plebem
317 3671 370 3723 hoc
383 3689 493 3724 munere
506 3671 645 3723 delinitam
688 3673 777 3726 barum.
798 3673 858 3725 Non
875 3683 962 3723 autem
979 3684 1030 3736 est,
1045 3669 1118 3742 quod
1132 3687 1201 3722 cou-

136 3749 224 3817 primo
246 3752 425 3816 consulatum,
447 3771 528 3814 mox,
542 3765 572 3804 ut
586 3751 644 3804 Lir.
688 3750 847 3805 cludamus:
868 3769 948 3804 nemo
968 3751 1034 3804 elius
1053 3752 1090 3804 sic
1116 3748 1198 3814 dixit3

136 3831 209 3895 vult,
221 3847 333 3900 regnum
353 3834 431 3884 etiam
451 3831 591 3885 affectavit.
609 3831 643 3896 Q.
688 3849 751 3902 ergo
773 3851 822 3885 nec
843 3832 973 3884 Valerius.
996 3831 1042 3884 Fit
1062 3849 1151 3902 sepe,
1168 3839 1199 3881 ut

138 3909 311 3963 Cincinnatus
332 3925 424 3965 contra
448 3931 510 3965 eum
531 3911 646 3965 dictator
688 3912 775 3982 aliqua
790 3912 945 3982 metaphora
959 3909 1073 3982 scriptor
1089 3907 1200 3981 quidam

136 4003 252 4054 creatus,
267 3991 421 4062 magistrum
432 4011 509 4046 suum
525 3993 645 4064 equitum
688 3991 790 4062 primus
809 4003 915 4057 utatur-3
931 4009 980 4044 nec
994 3991 1089 4064 populi
1101 3989 1198 4042 suffia·

138 4069 246 4123 Ahalam
256 4073 347 4133 misit,
369 4073 416 4144 qui
436 4073 547 4126 Meliuru
569 4069 602 4123 ad
618 4089 645 4124 se
688 4072 761 4143 giam
777 4073 847 4125 inea
863 4083 1002 4143 exspectet.

138 4143 253 4205 duceret.
265 4152 313 4206 tlte
328 4167 492 4207 recusantem
505 4153 646 4206 obtrunca·
731 4151 756 4204 t.
781 4152 810 4206 C.
833 4151 959 4205 Caesarem.
978 4150 1102 4205 Sextilius
1118 4150 1197 4219 maje·
1266 4165 1268 4172 ⁴

123 4225 362 4304 ·vit.D01nusejus
374 4233 468 4289 diruta
481 4253 541 4290 ares
554 4234 646 4304 AEqui·
688 4233 915 4304 statispostulstus
924 4245 980 4288 erut
988 4245 1080 4288 contra
1088 4229 1195 4286 Sullam.
