3218 5128
378 558 447 625 DE
474 555 711 624 VALERIO
739 555 968 624 MAXIMO.
1143 583 1203 628 xix

145 681 308 775 Antium)
319 688 429 757 Iulum
439 692 543 756 Puris
557 685 736 756 confecisse
754 685 883 755 dicitur.
899 691 972 756 Hoc
984 689 1154 782 insigniter
1167 691 1204 760 il·

149 794 277 898 lustrat,
290 808 324 863 et
337 793 464 862 erudite
478 793 616 888 castigat
625 791 786 862 Cbuduu
794 795 985 862 Salmasius
996 794 1030 862 iu
1039 818 1205 864 commen·
1293 835 1295 840 ·

149 902 226 968 tario
239 901 396 969 inchoato
410 899 452 968 ad
465 899 649 968 Amobium
660 923 667 965 ι
679 898 752 967 add.
775 899 951 992 Spanhem.
967 899 1009 968 de
1022 901 1097 970 Usu
1110 915 1144 970 et
1152 904 1204 970 Pr.

146 1031 231 1074 num.
252 1021 276 1075 t.
296 1008 346 1093 11,
364 1029 438 1101 pag.
458 1009 529 1092 40,
547 1009 614 1091 41,
630 1027 691 1100 77,
715 1017 775 1073 etc.
795 1006 851 1098 qui
870 1005 903 1074 id
921 1005 1037 1100 fragm.
1060 1009 1096 1074 T.
1116 1010 1205 1076 Pro·

144 1110 186 1180 bo
202 1112 329 1180 tribuit.
347 1115 381 1183 C.
402 1114 471 1180 Tur·
480 1109 601 1180 Probi'
621 1135 761 1194 nornen,
784 1111 873 1204 quod
894 1111 998 1180 eidem
1019 1111 1204 1206 fragmento

145 1217 326 1312 praefigitur
337 1219 370 1286 in
384 1215 528 1286 editione
540 1218 700 1312 Antuerp.
718 1214 827 1304 1535,
846 1217 880 1306 8,
892 1219 925 1286 in
940 1241 1005 1312 qua
1020 1219 1127 1312 prima
1143 1218 1206 1288 hoc

145 1323 368 1416 fragmentum
385 1323 542 1409 vidimus,
557 1321 659 1410 forte,
678 1323 740 1390 nisi
758 1320 855 1417 plane
872 1321 1016 1392 alienum
1031 1325 1089 1414 sit,
1104 1339 1153 1394 est
1171 1315 1205 1392 fi-

145 1428 255 1498 brarii.
275 1431 474 1523 Quanquam
493 1429 617 1498 exstitit
630 1428 765 1497 Probus
784 1427 936 1522 qnidam,
953 1428 994 1498 de
1012 1455 1078 1524 quo
1093 1433 1209 1526 Lupus

146 1537 377 1622 Ferrariensis‚
389 1533 526 1629 epistola
541 1559 591 1604 xx
607 1549 641 1603 et
652 1557 751 1623 1111111,
765 1534 821 1602 ubi
837 1533 878 1603 de
897 1535 995 1604 variis
1008 1539 1210 1630 argumentis

148 1666 221 1708 eum
235 1665 307 1710 esse
320 1653 578 1710 commentatum
593 1632 732 1710 testatur
742 1667 778 1708 :a
791 1641 937 1710 Probum
954 1656 1080 1728 autem,
1090 1643 1210 1736 inquit,

147 1762 296 1816 nontam
310 1745 431 1840 aliquid
446 1746 585 1816 edidisse
600 1745 762 1833 admiror,
775 1771 875 1839 quam
890 1771 958 1814 non
975 1747 1128 1817 omnibus
1139 1747 1206 1841 jam

64 1885 66 1888 ·
148 1852 313 1922 scribendi
333 1855 504 1920 materiam
526 1851 708 1920 abstulisse.
733 1881 750 1915 a
780 1849 867 1919 Illud
887 1875 969 1920 vero
990 1853 1209 1948 fragmentum

146 1983 285 2051 prorsus
300 1972 465 2026 remotum
479 1970 558 2027 esta
572 1981 693 2024 novem
710 1955 870 2024 librorum
880 1955 1004 2026 Valerii
1015 1959 1151 2028 Maximi
1164 1982 1213 2026 ar·

148 2077 328 2156 gumento,
343 2077 377 2130 et
393 2075 569 2156 propterea
583 2063 617 2129 in
633 2059 782 2156 pluribus
803 2060 997 2130 editionibus
1016 2065 1210 2157 praetermis-

148 2193 235 2236 sum.
254 2170 294 2235 ln
314 2166 510 2260 quibusdam
528 2191 659 2262 quoqne
680 2168 909 2261 manuscriptis
931 2167 1098 2238 codicibus
1115 2193 1211 2264 sepa-

149 2275 247 2342 ratim
262 2275 332 2342 sine
348 2272 480 2365 reliquis
489 2272 612 2341 Valerii
628 2271 718 2340 libris
733 2275 885 2341 occurrit.
897 2273 982 2342 Vide
997 2275 1211 2345 Lambecium

148 2378 203 2448 lib.
218 2381 253 2448 ΙΙ
269 2377 311 2447 de
321 2377 402 2447 Bibl.
414 2377 556 2446 vindob.
571 2403 644 2472 pag.
661 2375 736 2472 934
748 2404 757 2466 ;
767 2378 944 2466 Alciatum,
955 2383 1016 2469 IV,
1034 2405 1065 2469 1,
1079 2381 1213 2476 dispun-

150 2487 250 2554 ction.
272 2487 312 2552 In
327 2484 449 2556 Codice
469 2485 664 2572 Heinsiano‚
679 2508 732 2551 an.
755 2489 864 2572 1421,
882 2487 1004 2580 scripto
1016 2487 1144 2557 Gudius
1160 2514 1210 2556 re·

150 2591 249 2684 perit,
263 2589 334 2660 Lib.
346 2593 395 2676 X,
415 2591 599 2684 capitulum
626 2613 636 2658 1
659 2590 702 2658 de
713 2591 1003 2685 praenominibus:
1018 2592 1208 2689 depraeno·

150 2702 253 2778 inrue,
271 2710 309 2764 ut
326 2710 376 2764 est
393 2697 473 2764 etin
492 2697 543 2763 ed.
556 2698 715 2790 Antuerp.
734 2695 821 2764 Illud
839 2696 881 2765 de
895 2699 1065 2768 nominum
1084 2701 1211 2768 ratione

150 2803 374 2896 fragmentum
393 2801 526 2896 Pighius
549 2803 713 2871 recensuit
733 2826 774 2870 cx
795 2801 937 2892 editione
954 2803 1097 2899 Philippi
1113 2807 1210 2875 Nucii
1292 2879 1301 2890 ‚

150 2913 249 2976 Anto.
272 2903 386 2994 1566,
407 2931 505 3000 quam
525 2931 600 2976 cum
620 2907 785 2976 veteribus
804 2907 970 2977 codicibus
993 2912 1210 2979 commiserat.

152 3120 184 3184 E
185 3124 296 3187 aneni
313 3116 477 3188 Valerius
494 3121 682 3198 Maximus
702 3116 934 3202 cummianus,
950 3131 984 3186 et
1002 3115 1079 3188 olio
1099 3118 1214 3212 liujus·

529 3239 672 3311 cemodt'
689 3244 833 3336 scriptu

208 3441 405 3513 Balthasaris
415 3443 551 3514 Exaeri’
566 3447 724 3513 Vaterno
736 3447 913 3512 Mrceimus
928 3445 1137 3514 Chrestianus
1153 3451 1215 3516 Ha·

155 3575 232 3619 nov.
261 3546 376 3633 1641,
398 3551 435 3636 8,
457 3551 588 3619 exhibet
609 3549 709 3618 libros
730 3550 781 3616 IX
802 3547 964 3618 dictorum
988 3549 1215 3647 factorumque

157 3653 565 3740 memorabilium,Valerii
587 3653 751 3749 exemplo,
771 3653 926 3724 collectos
948 3655 1154 3752 digestasque
1175 3659 1216 3728 ex

157 3759 352 3830 Christianis
373 3760 536 3829 historiis:
553 3763 605 3830 cui
620 3761 724 3829 labori
744 3759 934 3854 praelusere‚
953 3763 1055 3854 quiin
1074 3764 1215 3834 editione

199 3989 225 4022 1.
246 3971 277 4020 lu
293 3969 472 4040 Autographis
487 3965 664 4038 liudolphinis
749 3989 774 4018 a.
789 3967 828 4018 De
842 3967 965 4032 Exnero,
979 3969 1024 4039 qui
1039 3987 1108 4022 auno
1126 3977 1214 4035 1624,

159 4063 176 4100 t.
189 4051 216 4110 1,
231 4067 290 4119 pag.
313 4053 382 4110 401,
398 4048 466 4100 male
487 4065 613 4100 excusum
627 4058 665 4099 est
709 4044 780 4098 diem
792 4045 858 4098 obiit
867 4085 874 4111 ‚
883 4045 996 4100 videnda
1007 4048 1049 4101 Jo.
1062 4049 1166 4103 Henelii
1177 4051 1217 4102 Si·

162 4127 189 4180 C.
211 4129 262 4180 Tr'tr'
279 4127 354 4178 Probi
369 4132 395 4178 in
410 4127 442 4179 Χ
455 4127 526 4179 fibros
539 4127 663 4198 Epium,
708 4123 895 4196 lesiographia,
915 4139 977 4180 tom.
996 4128 1029 4191 l,
1048 4147 1104 4200 cap.
1118 4148 1150 4199 7,
1170 4149 1218 4200 pa·

160 4226 207 4276 pro
224 4213 248 4258 iu
264 4207 296 4259 Χ
306 4207 397 4259 librum.
709 4205 763 4274 gin.
778 4207 841 4258 208.

989 4313 1033 4381 Β,
