3218 5128
354 525 459 595 clu
493 525 990 612 v1,ournonrons.
1150 527 1221 613 ts·
1301 531 1306 546 ’

145 661 238 754 Ergo
255 672 383 726 senatus
405 655 529 753 duplici
549 657 762 752 praedictione
782 659 954 746 monitus,
979 657 1095 726 eodem
1116 683 1210 754 paene
1251 689 1253 694 ·

147 780 295 860 tempore
316 779 350 832 et
370 763 522 858 religioni
543 765 670 858 paruit,
692 778 725 832 et
741 763 886 833 hostiurn
901 763 985 832 urbe
1007 766 1130 859 potitus
1149 781 1208 835 est.

199 875 234 956 4.
258 872 329 940 Nec
350 894 469 964 parum
497 872 647 966 prosperi
668 893 837 940 successus
857 884 924 958 est,
945 869 1034 965 qnod
1053 873 1210 965 sequitur.

147 979 185 1045 L.
199 973 290 1045 Sulla
304 979 380 1046 Cos
395 975 506 1046 sociali
518 973 631 1063 bello¹,
646 1001 748 1070 quum
761 977 795 1075 ip
810 1001 891 1072 agro
903 975 1024 1045 nolano
1038 991 1114 1046 ante
1127 1001 1210 1071 prae·

146 1083 269 1152 tonum
294 1080 503 1170 immolaret,
526 1081 634 1150 subito
660 1083 714 1150 ab·
728 1084 794 1150 ima
815 1095 909 1176 parte
934 1105 999 1151 arae
1022 1081 1210 1176 prolapsam

146 1211 289 1282 anguem
309 1189 485 1283 prospexit.
507 1189 584 1276 Qua
604 1189 692 1273 visa,
714 1189 873 1256 Postumii
897 1189 1057 1282 aruspicis
1078 1188 1212 1256 hortatu

146 1294 306 1362 continno
325 1295 503 1362 exercitum
522 1295 556 1362 in
574 1293 815 1388 expeditionem
834 1292 962 1378 eduxit,
979 1317 1018 1362 ac
1038 1293 1211 1362 fortissima

146 1396 348 1467 Samnitum²
369 1413 476 1469 castra
492 1400 587 1494 cepit
600 1401 688 1490 Quae
706 1401 844 1470 victoria
860 1397 979 1466 suturae
996 1399 1065 1492 ejus
1081 1397 1211 1494 amplis·

149 1505 237 1598 simae
259 1507 414 1599 potentiae
436 1505 557 1600 gradus
579 1519 612 1574 et
634 1505 884 1576 firndumentum
907 1507 1040 1574 exstitit.

178 1599 182 1613 ,
204 1607 235 1681 5.
258 1613 435 1705 Praecipuae
456 1611 680 1680 admirationis
696 1614 793 1682 etiam
816 1610 870 1679 illa
889 1597 1067 1705 prodigin³,
1084 1635 1157 1704 ‹prae
1175 1613 1209 1678 Ρ.

148 1715 344 1798 Volumnio,
363 1720 434 1786 Ser.
454 1715 598 1811 Sulpicio
619 1720 710 1786 Coss.
733 1719 767 1785 in
786 1718 869 1785 urbe
887 1723 999 1786 nostra
1020 1717 1106 1792 inter
1124 1717 1214 1784 initia

147 1836 324 1914 motusque
340 1821 503 1892 bellorum
522 1821 721 1892 acciderunt.
745 1827 809 1892 Bos
831 1845 988 1914 namque,
1008 1823 1135 1916 mugitu
1154 1847 1214 1892 suo

148 1930 184 1995 in
195 1951 381 1995 sermonem
391 1927 576 1996 humanum
588 1951 764 2010 converso,
779 1929 925 1995 novitate
939 1929 1078 1994 monstri
1086 1926 1215 1994 audien·

149 2034 234 2099 tium
254 2033 381 2099 animos
404 2013 570 2099 exte'iruit.
589 2033 706 2100 Carnis
728 2018 880 2126 quoque*
901 2033 934 2099 in
953 2031 1090 2100 modum
1112 2031 1215 2099 nimbi

148 2137 316 2230 dissipatae
338 2151 448 2230 partes
467 2135 657 2206 ecciderunt
677 2162 684 2204 :
704 2161 844 2232 quarum
863 2137 1021 2230 majorem
1040 2161 1214 2206 numerum

148 2227 329 2336 praepetes⁵
339 2242 545 2336 diripuerunt
558 2267 650 2328 aves,
664 2241 823 2336 reliquum
837 2243 930 2310 humi
945 2268 1005 2336 per
1014 2241 1138 2336 aliquot
1147 2241 1215 2310 dies

147 2371 257 2440 neque
265 2346 367 2416 odore
376 2361 478 2436 tetro,
490 2372 596 2442 neque
610 2347 748 2418 deformi
760 2348 917 2442 adspectu
928 2361 1091 2416 mutatum
1099 2348 1213 2440 jacuit.

194 2577 217 2612 ι.
234 2558 325 2612 Sociali
335 2559 404 2611 bello.
417 2559 502 2630 Hujus
514 2575 590 2612 cansa
606 2560 662 2612 Γιιο·
704 2559 1215 2630 praetoriumarustatnebaturatribunal

149 2651 192 2692 rat
201 2639 280 2692 Drusi
288 2638 389 2690 tribuni
396 2639 432 2709 pl.
443 2637 613 2709 pollicitatio,
622 2657 663 2690 so·
705 2639 769 2692 laeva
779 2638 938 2710 appositum.
947 2669 989 2682 -
998 2639 1110 2708 Anguem
1116 2659 1215 2710 prospe·

148 2718 185 2770 cii
197 2717 272 2770 latini
282 2717 443 2782 nominis,si
454 2729 543 2788 partes
555 2729 661 2770 senatus
704 2721 750 2772 ait.
764 2718 897 2789 Anguium
911 2718 1022 2790 allapsus
1038 2718 1127 2790 multis
1133 2719 1214 2772 Vete-

150 2808 241 2848 contra
256 2809 404 2867 equestrem
417 2793 540 2848 ordinem
554 2809 661 2848 tueren·
705 2815 765 2850 rum
774 2797 824 2850 tuit
833 2815 955 2860 omen‚e.
966 2795 1214 2868 gr.Augnato.Vide

149 2887 207 2941 tur,
215 2875 360 2939 lomatio
369 2875 501 2928 civitatem
511 2875 662 2946 acciperen-
706 2877 786 2928 Dion.
799 2877 911 2928 XLVII.

150 2966 207 3020 tnr;
219 2952 357 3008 cedmorte
368 2957 425 3026 ejus
435 2955 509 3017 irrita
518 2953 661 3008 factavtd.
748 2975 773 3008 a.
781 2955 922 3006 Samnium.
932 2954 1061 3010 Samnites
1069 2954 1138 3008 inter
1144 2955 1216 3008 Pice·

149 3033 221 3086 Flor.
232 3034 289 3096 111,
303 3035 396 3087 18.-
404 3036 477 3104 Agru
489 3034 585 3086 ιιοὶιιιιό.
594 3033 662 3086 Nola
705 3051 784 3099 uum,
793 3033 966 3104 Campaniam
975 3045 1000 3084 et
1006 3033 1137 3104 Apuliam.
1144 3033 1214 3088 Flor.

136 3111 301 3183 'Campania
308 3114 383 3166 urbs.
395 3114 588 3165 -Proetorium
600 3111 662 3166 inde
705 3113 734 3176 1,
744 3116 787 3166 16.
795 3114 875 3164 «Δ.
884 3113 917 3166 U.
931 3115 998 3174 664.
1006 3113 1061 3165 Cic.
1069 3110 1123 3166 div.
1133 3114 1160 3177 Ι,
1170 3115 1214 3168 33.

149 3189 267 3256 dictum,
276 3190 350 3263 quod
362 3193 425 3244 belli
438 3190 519 3245 duces
534 3211 564 3245 ac
578 3192 662 3263 impe·
747 3191 908 3261 strangu.
919 3192 1216 3264 Fncreantplanelalsn

148 3282 251 3321 ratores
275 3269 410 3324 interdum
431 3284 547 3341 protom
575 3272 661 3324 vocati
705 3272 869 3324 narrationes
889 3271 1045 3336 hominum,
1062 3270 1217 3324 vanadece-

148 3345 289 3400 suntl'id.
302 3347 382 3402 Com.
392 3351 461 3403 Mitt.
476 3351 572 3404 Forma
582 3351 661 3402 luisse
704 3363 814 3422 plorum
828 3353 926 3420 specie,
939 3363 984 3404 aut
999 3352 1146 3420 φαινόμιιιι,
1158 3369 1217 3421 quac

147 3423 259 3479 videtur
276 3426 389 3480 rotunda
412 3428 581 3484 testudinata.
598 3431 662 3500 Ejus
705 3430 1051 3501 explicareVeteres‚rerum
1059 3429 1217 3482 naturalium

148 3505 662 3579 areaplernmqneeratquaternumver·
705 3527 800 3580 parum
814 3511 904 3580 gnari,
913 3529 967 3562 nou
980 3520 1112 3579 poterant.

149 3585 661 3642 suumversumautemdicuntcentum
749 3595 779 3652 4.
793 3587 881 3642 Carnis
900 3607 998 3661 qaoque.
1016 3588 1126 3658 Aliquot
1139 3587 1217 3642 codd.

147 3663 247 3736 pedes,
272 3683 471 3735 quoquoversus
491 3665 661 3738 quadratum.
707 3687 790 3720 comm
810 3688 908 3738 quoque.
924 3699 965 3710 -
980 3665 1071 3720 Nimbi.
1089 3667 1218 3734 Nimbus,

149 3741 301 3796 Commodo
314 3743 373 3798 loco
389 3744 503 3814 positum
517 3765 573 3798 non
585 3747 662 3820 longe
709 3761 805 3802 ventus
818 3765 879 3800 cnm
895 3745 984 3817 pluvia
995 3763 1002 3796 :
1014 3758 1051 3798 est
1061 3747 1138 3800 etiam
1153 3746 1218 3800 den·

149 3841 165 3874 a
179 3835 256 3894 porta
272 3823 416 3894 pretoria,
434 3836 502 3878 utet
517 3824 626 3878 hostem
641 3838 668 3878 ct
711 3828 772 3880 sitas
787 3827 865 3884 nabis
881 3825 909 3878 in
925 3836 1077 3895 tempestate
1099 3827 1217 3880 obscura.

148 3919 211 3954 anos
224 3901 471 3957 militesohaarvare
482 3905 669 3976 possetimpe-
753 3905 778 3959 5.
807 3907 927 3976 Propera
953 3921 1012 3957 area
1034 3903 1136 3967 dictae,
1159 3926 1219 3978 quas

148 3993 233 4034 rator.
244 3981 322 4036 Parte
332 3981 424 4036 dextra
438 3984 490 4036 fuit
504 3985 666 4055 augurales.
710 3985 801 4038 volatu
815 3985 903 4038 futura
918 3983 1064 4054 significare
1079 3984 1219 4040 credeban·

149 4062 418 4131 auguratorium,ubi
427 4063 579 4116 sacrificare
588 4075 616 4117 et
626 4081 670 4118 au·
712 4077 775 4130 tnr,
799 4077 826 4118 et
854 4082 912 4135 quac
935 4065 1044 4136 auguria
1071 4065 1220 4132 iaciebant,

147 4139 246 4209 apicati
266 4141 410 4212 imperator
425 4144 547 4210 solebat,
566 4156 592 4198 et
609 4155 668 4198 ante
712 4140 792 4207 (vide
807 4143 940 4210 Gellium,
952 4145 1008 4208 Vl,
1025 4141 1062 4207 6)
1082 4143 1218 4202 sublimius
