3218 5128
383 448 488 518 car.
517 447 616 533 v11,
654 446 722 514 ns
758 441 1001 514 sonans.
1177 443 1225 520 65

154 587 566 676 inhumatumquecorpus
576 579 690 673 jacens
709 575 886 674 sepulturae
898 577 1106 668 mandasset,
1120 579 1231 652 admo·

157 695 246 762 nitus
264 689 305 759 ab
322 713 380 775 eo,
399 713 441 756 ne
460 685 614 782 proximo
631 683 684 754 die
698 687 889 780 navigaret,
908 687 943 754 in
959 697 1047 753 terra
1062 691 1230 760 remansit.

158 795 226 888 Qui
238 795 314 866 inde
326 794 513 880 solverant,
527 791 683 861 fluctibus
700 805 733 860 et
746 789 899 886 procellis
912 793 945 858 in
965 808 1145 886 conspectu
1158 797 1230 889 ejus

156 904 268 975 obruti
286 917 373 973 sunt.
392 905 466 996 Ipse
488 897 616 970 laetatus
635 912 704 985 est,
726 897 817 994 quod
838 899 941 966 vitam
960 922 1053 968 suam
1076 904 1231 992 somnio,
1324 899 1327 906 ’

155 1035 257 1106 quam
277 1010 371 1097 navi,
399 1006 535 1080 credere
561 1003 737 1074 maluisset
775 1005 909 1074 Memor
927 1019 1038 1074 autem
1059 1005 1230 1092 beneficii,

155 1117 400 1212 elegantissimo
419 1110 584 1183 carmine¹
607 1113 784 1185 aeternitati
802 1113 1029 1197 consecravit3
1049 1111 1165 1184 melius
1186 1115 1233 1185 illi

156 1239 191 1294 et
209 1223 398 1300 diuturnius
418 1221 587 1289 inanimis
606 1219 780 1290 bominum
800 1216 989 1312 sepulcrum
1012 1221 1232 1311 constituens,

157 1355 259 1427 quam
274 1331 309 1398 in
324 1328 460 1399 desertis
478 1341 512 1396 et
529 1328 651 1422 ignotis
673 1321 802 1394 arenis'
821 1339 995 1394 struxerat.

215 1442 248 1524 Δ.
272 1435 402 1506 Efficax
417 1449 450 1504 ct
463 1428 656 1527 illa'quictis
679 1434 808 1526 imago,
827 1457 901 1527 quae
923 1433 1028 1504 Croesi
1050 1436 1137 1530 regis
1158 1439 1232 1506 ani-

159 1569 252 1614 mum
270 1545 416 1612 maximo
437 1541 528 1636 prius
545 1555 654 1628 metu,
675 1537 794 1608 deinde
811 1541 910 1608 etiam
930 1537 1045 1610 dolore
1059 1529 1232 1612 coniecit³.

159 1649 411 1722 Nameduobus
422 1646 511 1736 filiis,
523 1632 878 1741 etingentilagilitate,
891 1659 925 1714 et
937 1649 1085 1742 corporis
1099 1648 1233 1721 dotibus

51 1829 54 1834 ,
160 1759 443 1853 prestantiorem,
463 1755 659 1848 imperiique
678 1753 878 1821 successioni
896 1751 1097 1824 destinatum
1117 1757 1234 1851 Atym,

159 1863 360 1934 existimavit
374 1862 463 1930 ferro
480 1860 542 1928 sibi
563 1872 725 1954 ereptum.
742 1859 861 1951 ltaque
877 1858 1037 1954 quidquid
1051 1859 1094 1928 ad
1112 1865 1236 1932 evitan⁴

160 1971 238 2039 dam
263 1969 463 2037 denuntiatae
488 1963 590 2034 eladis
613 1962 828 2034 acerbitatem
849 1965 1055 2058 pertinebat,
1080 1955 1169 2037 nulla
1194 1995 1235 2039 cx

162 2089 257 2171 parte
275 2075 382 2169 patria
405 2095 485 2142 cura
505 2070 646 2141 cessavit
666 2083 815 2138 avertere
825 2055 847 2138 ⁵.
869 2068 992 2142 Solitus
1014 2088 1085 2143 erat
1102 2073 1234 2167 juvenis

161 2270 267 2324 usitato.
279 2301 320 2312 —
331 2268 479 2322 Adrnunr'tm
491 2267 522 2319 at
532 2287 568 2320 eo.
590 2265 674 2320 labus
718 2261 792 2320 Serv.
799 2271 963 2340 peregrinam,
979 2281 1034 2321 ante
1042 2289 1090 2322 non
1098 2275 1177 2324 uisam
1192 2274 1233 2325 in·

161 2361 233 2404 mato
243 2367 357 2420 corpore
363 2361 440 2421 puta,
451 2347 523 2420 quod
532 2347 674 2420 sepulture
718 2355 886 2420 terpretatur.

162 2428 341 2484 mandaverat.
365 2429 400 2481 Et
415 2429 550 2480 aaronitas
564 2425 674 2500 quidem
760 2428 786 2482 3.
809 2428 872 2498 Qu'oe
892 2427 1145 2499 Croesi....consecit.
1160 2429 1231 2486 Vide

162 2515 225 2562 inter
239 2513 349 2582 quietem,
367 2509 422 2562 sive
440 2507 468 2560 in
483 2526 587 2562 somno.
605 2508 674 2562 Ante
718 2505 846 2560 Herodot.
857 2509 885 2574 1,
897 2526 920 2562 c.
935 2508 986 2576 34,
1002 2513 1058 2576 46ς
1071 2512 1135 2566 Exc.
1150 2513 1231 2568 Diod.

162 2591 233 2644 enim
242 2590 372 2642 sedetur-em
383 2593 446 2639 inter
457 2593 557 2660 quietem
567 2587 675 2640 abnoxi-
719 2587 769 2641 Sic.
785 2589 874 2641 Vales.
887 2607 916 2660 p.
933 2589 999 2644 ²38.

164 2673 249 2724 donem
260 2667 337 2723 dixit.
350 2669 384 2721 Et
392 2669 430 2722 sic
439 2683 533 2720 monere
542 2669 674 2738 eleganter
759 2673 786 2732 4.
803 2669 908 2739 Ingenti.
929 2670 1037 2740 Ingenti,
1058 2671 1130 2743 quod
1145 2674 1231 2745 placet

162 2749 289 2804 dicuntur
297 2748 403 2802 oracula
414 2760 441 2802 et
449 2761 521 2802 vates
531 2747 620 2801 futura
631 2765 674 2800 ca·
718 2745 856 2815 Gronau,
874 2747 1016 2821 legendum
1037 2769 1185 2818 censerem,
1209 2754 1232 2805 si

162 2843 262 2900 nentes.
281 2829 414 2882 Caeterum
431 2829 508 2882 sicuti
529 2827 675 2880 maximum
718 2845 766 2899 per
785 2827 864 2881 oodd.
879 2828 991 2882 liceret:
1008 2829 1144 2902 ingenium
1159 2834 1231 2886 euim

162 2911 245 2964 scelus
264 2909 426 2962 commisisse
442 2910 608 2981 putabatur,
627 2907 674 2978 qui
718 2906 858 2961 commode
872 2922 1053 2980 opponeretur
1066 2913 1181 2982 corpori.

162 3009 258 3063 corpus
273 2989 441 3042 inhumatum
451 2987 675 3060 jacensu'nrenia-
760 2986 784 3040 ⁵.
799 2987 924 3041 Avertere.
939 2987 1096 3042 Sollicitavit
1109 2991 1181 3044 bunc
1193 2994 1231 3046 los

160 3084 214 3136 set,
223 3065 628 3142 nequesepultursamantlasseu
639 3066 675 3118 ita
718 3085 781 3120 cum
794 3067 885 3120 Vorst.
897 3085 989 3121 vocem
1003 3081 1108 3120 avertere
1123 3071 1230 3126 illinon

162 3163 256 3204 contra
275 3151 316 3213 is,
337 3149 383 3220 qui
410 3149 517 3220 corpori
536 3147 676 3200 inhumato
719 3147 781 3200 satis
789 3165 935 3218 congruere
947 3159 1019 3201 ratus
1033 3150 1068 3202 ob
1080 3151 1233 3222 preceden-

161 3231 215 3283 hoc
222 3229 393 3282 humanitatis
400 3229 519 3281 officium
526 3239 676 3300 prestaret,
720 3227 756 3279 tia
776 3227 894 3300 quidquid
911 3229 1155 3299 ad....pern‘nebat.
1178 3233 1232 3286 Sed

160 3305 678 3379 utilludsepeliret,magniaadiisprae·
720 3325 810 3360 sensus
829 3319 867 3359 est
888 3325 895 3359 :
914 3309 1021 3362 Croesue
1041 3329 1135 3376 omne,
1156 3311 1231 3382 quod

161 3388 225 3442 miis
238 3385 307 3440 affici
320 3383 484 3440 medebatur.
501 3387 609 3442 Confer.
622 3385 678 3438 llo·
720 3387 870 3458 pertinebat
886 3385 920 3440 ad
936 3387 1088 3442 evitandam
1102 3391 1230 3445 acerbita-

160 3480 214 3522 rat.
229 3468 257 3534 1,
276 3467 322 3519 28.
721 3478 788 3535 tem,
806 3483 858 3538 qua
871 3485 942 3520 mors
955 3469 1049 3520 arcessi
1062 3479 1162 3538 potest,
1175 3489 1231 3524 ma-

209 3565 230 3601 ι.
256 3547 444 3617 Elegantissime
467 3549 577 3598 connisa.
600 3547 676 3598 Inter
721 3559 781 3598 ture
798 3544 901 3599 studuit
922 3560 1047 3600 avertere.
1069 3547 1111 3600 Sic
1130 3549 1231 3605 bellum

164 3625 289 3682 breodun
302 3625 384 3678 verba
395 3637 496 3678 veteres
508 3623 567 3678 edd.
577 3625 678 3678 babent
720 3623 870 3698 pertinebat
876 3625 911 3680 ad
917 3625 1095 3680 arcesoendern
1103 3625 1231 3700 mortem,

166 3728 234 3770 raom·
249 3705 297 3760 sed
311 3723 460 3777 pronomen
471 3703 608 3758 commode
620 3717 679 3776 pot·
721 3725 784 3778 ergo
798 3705 868 3759 bello
884 3707 1016 3759 abstinere·
1024 3707 1109 3777 jussit.
1123 3709 1231 3765 Pericu-

164 3801 205 3842 eat
216 3789 320 3852 abesse,
330 3783 403 3840 uude
415 3785 528 3837 Torren.
540 3785 676 3855 expunxit.
721 3786 777 3838 lum
786 3798 842 3838 erat
851 3805 864 3836 a
874 3783 962 3857 gladio
972 3787 1064 3839 cinctis
1075 3791 1232 3846 comitibus:

208 3889 233 3922 a.
242 3869 272 3921 In
283 3867 520 3919 desertis....mnis.
536 3864 678 3935 Pighmlii-
721 3883 784 3935 ergo
798 3879 825 3917 et
837 3865 895 3918 illos
910 3866 1005 3918 avertit
1017 3867 1050 3919 ab
1065 3885 1110 3933 eo,
1124 3883 1151 3922 et
1166 3891 1230 3942 pro·

166 3965 219 4020 que
231 3947 360 4001 omittunt
370 3957 395 3997 et
405 3949 508 4016 ignotis,
524 3942 570 3996 sed
578 3943 680 3997 auctior
721 3945 781 4017 pias
791 3943 914 3998 accedere
922 3945 1014 3999 vetuit.
1021 3947 1107 4013 Quem
1116 3949 1228 4020 quidem

165 4027 295 4098 scriptura
310 4039 406 4080 veterr.
421 4023 483 4078 edd.
499 4025 577 4078 inest.
589 4024 679 4094 Ipnous
722 4043 814 4078 verum
833 4025 883 4076 loci
906 4044 1011 4079 sensum
1019 4028 1157 4094 vorstius,
1170 4032 1232 4102 opi·

165 4105 546 4178 ammentapNirgilAEmv,
557 4103 677 4176 871,ubi
723 4123 788 4170 nor,
802 4123 856 4158 uon
873 4105 1043 4161 intellexerat.

222 4219 250 4284 1.
1028 4211 1047 4284 5
