3184 5132
237 496 337 564 CAP.
367 495 459 581 vll,
486 495 552 562 DE
579 493 877 562 DISCIPLINA
903 493 1060 563 MILIT.
1121 499 1189 592 147

128 631 208 699 dam
231 629 369 699 statione
388 627 533 722 quinque
552 626 723 713 cohortes,
750 640 848 718 atque
869 650 909 694 ex
930 649 967 694 ea
987 627 1111 698 viribus
1132 630 1192 700 ho·
1243 621 1244 626 ἵ

129 738 233 806 stium
248 733 416 830 depulsas,
432 746 581 828 repetere
594 732 743 802 eamdem
752 733 925 800 stationem
942 735 1110 828 evestigio
1120 736 1193 828 jus·

130 845 173 911 sit
194 867 202 909 ε
222 867 289 910 non
310 839 400 935 quod
418 853 565 934 speraret
582 838 624 908 ab
644 840 681 908 iis
703 839 858 907 amissum
877 837 987 907 locum
1006 845 1194 934 recuperari

130 973 242 1042 posse,
261 947 318 1016 sed
332 961 370 1014 ut
383 947 555 1040 praeteritae
574 943 705 1039 culpam
720 968 855 1040 pugnae,
871 946 1070 1039 insequentis
1088 963 1195 1017 certa·

131 1056 230 1124 minis
250 1052 423 1122 manisesto
444 1048 591 1146 periculo
604 1052 753 1145 puniret;
767 1050 866 1118 edixit
890 1053 1005 1138 etiam,
1028 1067 1065 1121 ut
1079 1055 1106 1122 si
1122 1057 1209 1148 quis

131 1187 172 1228 ex
188 1161 239 1228 his
254 1159 381 1254 fugiens
406 1172 513 1228 castra
539 1159 700 1252 petiisset,
724 1182 786 1252 pro
811 1155 906 1226 hoste
931 1157 1192 1230 interficeretur:

131 1291 196 1360 qua
212 1267 383 1336 severitate
405 1264 585 1358 compressi
612 1261 744 1352 milites,
767 1276 801 1331 et
821 1263 1016 1358 corporibus
1037 1263 1194 1360 fatigatis,

131 1387 166 1440 et
180 1373 298 1464 animis
313 1370 540 1466 desperatione
561 1371 636 1438 vitae
656 1368 845 1464 implicatis,
868 1367 931 1438 loci
952 1383 1063 1438 tamen
1076 1372 1194 1466 iniqui·

131 1493 249 1565 tatem,
281 1476 588 1569 multitudinemque
620 1475 764 1544 hostium
794 1489 1000 1568 superarunt.
1035 1479 1196 1550 Humanae

131 1585 232 1679 igitur
251 1582 481 1652 imbecillitatis
502 1579 765 1650 efficacissimum
790 1579 1039 1652 duramentum¹
1066 1597 1117 1652 est
1134 1609 1195 1652 ne·

129 1705 275 1760 cessitas.

191 1820 246 1865 11.
266 1797 308 1863 In
329 1795 444 1862 eadem
466 1789 654 1888 provincia²
674 1793 717 1881 Q.
737 1792 856 1862 Fabius
878 1795 968 1862 Max.
987 1795 1197 1866 ferocissimae

130 1903 240 1995 gentis
260 1901 388 1969 animos
404 1899 607 1968 contundere
626 1912 660 1966 et
683 1896 853 1966 debilitare
871 1901 1024 1992 cupiens,
1043 1924 1195 1970 mansue·

129 2008 297 2076 tissimum
317 2007 485 2100 ingenium
503 2029 617 2091 suum,
637 2003 679 2072 ad
700 2018 831 2097 tempus
846 2004 993 2098 deposita
1007 2005 1196 2096 clementia,

132 2115 271 2182 saeviore
290 2113 338 2180 uti
355 2113 528 2180 severitate
548 2112 673 2212 coegit:
688 2112 835 2178 omnium
850 2113 953 2194 enim,
974 2114 1031 2206 qui
1049 2137 1090 2180 ex
1109 2139 1195 2207 prae·

131 2217 224 2288 sidiis
254 2219 397 2287 romanis
419 2217 460 2286 ad
486 2217 597 2286 hostes
621 2215 882 2310 transfugerant,
910 2220 1062 2312 captique
1085 2235 1196 2308 erant,

130 2348 251 2392 manus
269 2323 426 2409 abscidit,
457 2337 494 2392 ut
512 2337 630 2391 trunca
652 2347 719 2416 prae
742 2347 776 2390 se
790 2322 932 2390 brachia
952 2338 1115 2416 gestantes
1134 2326 1194 2396 de-

131 2431 283 2500 fectionis
297 2443 421 2498 metum
441 2428 574 2522 reliquis
591 2429 779 2498 inicerent:
796 2427 932 2497 rebelles
947 2430 1056 2524 itaque
1078 2455 1194 2502 manus

131 2563 152 2605 a
170 2537 365 2632 corporibus
380 2537 445 2604 suis
459 2535 622 2604 distractae
643 2587 652 2620 ,
671 2536 769 2626 inque
785 2548 956 2603 cruentato
971 2534 1041 2604 solo
1057 2562 1194 2631 sparsae,

132 2645 274 2726 coeteris,
284 2667 327 2711 ne
338 2642 424 2712 idem
435 2643 641 2710 committere
654 2639 827 2726 auderent,
837 2641 1036 2710 documento
1050 2643 1193 2712 fuerunt.

192 2787 246 2834 ra.
269 2763 360 2834 Nihil
381 2766 491 2832 mitius
511 2763 679 2856 superiore
697 2750 927 2830 African0⁴:is
940 2765 1117 2851 tamen,ad
1139 2765 1194 2833 fir-

132 2870 286 2939 mandam
305 2869 508 2964 disciplinam
524 2867 715 2955 militarem,
733 2864 854 2961 aliquid
870 2867 912 2934 ab
925 2865 1120 2938 alienissima
1134 2871 1194 2938 sibi

132 2975 327 3046 crudelitate
345 2975 570 3044 amaritudinis
595 2973 813 3042 mutuandum
832 2959 1057 3042 existimavit⁵.
1087 2977 1193 3068 Siqui-

131 3083 208 3152 de'm
223 3082 352 3151 devicta
365 3082 581 3176 Carthagine,
595 3105 699 3174 quum
710 3104 841 3168 omnes,
856 3080 963 3174 quiex
974 3081 1093 3148 nostris
1107 3106 1192 3150 exer·

129 3281 200 3335 dum
207 3292 246 3332 est
256 3278 411 3333 Celtiberiae.
420 3280 641 3334 Victascobortes
686 3277 750 3332 ⁵⁵2.
761 3277 831 3332 Vide
845 3279 964 3346 Livium,
978 3279 1072 3345 XXX,
1086 3283 1113 3334 in
1129 3283 1191 3339 line.

131 3371 320 3416 testamentum
335 3359 412 3411 etiarn
428 3360 512 3412 secere
527 3361 621 3430 coegit.
728 3361 753 3412 5.
763 3359 871 3412 letamen
877 3399 954 3414 ........
962 3363 1112 3415 existintavit.
1125 3363 1191 3431 Qui,

176 3437 641 3505 1.Duramentum.Firmitas,stabili·
684 3437 756 3490 enim
776 3439 838 3491 belli
853 3438 908 3492 dux
921 3441 1104 3509 immorigeros
1124 3461 1191 3514 saepe

130 3532 262 3574 mentum.
684 3518 780 3570 milites
788 3532 976 3590 compesceret,
986 3519 1037 3570 uisi
1044 3538 1144 3574 summa
1154 3543 1192 3576 se·

174 3621 201 3654 ι.
216 3600 247 3651 In
259 3597 340 3648 eadem
349 3600 480 3668 provincia.
490 3595 639 3650 Celtiberia.
683 3596 810 3650 veritate?
826 3598 955 3669 Perpetua
970 3598 1130 3668 benignitas,
1148 3604 1189 3656 in.

132 3676 354 3733 -SoevioraAlii
363 3677 454 3746 legunt
463 3679 585 3738 severiore,
594 3677 640 3747 qui
684 3674 1188 3748 dulgentia,largitiones,ete,adsum·

131 3761 204 3814 lusus
215 3759 359 3811 verborum
370 3756 502 3810 aValerio
514 3775 569 3808 non
580 3768 642 3808 sunt
683 3775 752 3809 mam
762 3757 922 3828 proterviam
930 3757 1190 3827 etsceleraquaelibet

134 3839 220 3893 alieni.
228 3869 268 3882 —·
276 3837 370 3908 Coegit.
378 3840 429 3890 An.
438 3837 473 3890 U.
482 3839 515 3889 61
523 3855 547 3888 a.
556 3835 640 3888 Fron·
682 3836 751 3888 viem
762 3836 794 3888 iis
804 3847 959 3888 sternerent.
969 3835 994 3887 N
996 3837 1088 3888 imium
1098 3839 1189 3896 laxetis

133 3921 217 3984 tinus,
231 3918 280 3971 IV.
298 3935 323 3970 1.
682 3915 789 3986 imperii
799 3914 920 3979 habenis,
930 3933 1121 3986 nonnunquam
1132 3938 1189 3973 cor·

174 3999 201 4052 3.
211 3999 356 4058 Dalmatae.
366 3994 395 4049 id
403 4007 586 4066 est,ecparatea
594 4012 640 4046 seu
682 3996 737 4048 ruit
748 3993 826 4047 simul
838 3994 986 4065 respublica
996 4013 1003 4046 :
1013 3998 1086 4067 cujus
1097 3999 1135 4050 rei
1149 4012 1186 4052 te-

132 4076 276 4150 disjunctae.
549 4118 554 4126 .
682 4088 733 4127 stes
752 4086 829 4138 eunt,
845 4074 915 4126 inter
932 4075 1094 4146 complures,
1106 4079 1186 4132 Athe·

172 4163 199 4222 4.
210 4159 339 4226 Africum.
349 4157 428 4208 Anno
440 4155 512 4208 urbis
526 4152 639 4208 condite
681 4156 783 4207 niemez
801 4151 871 4224 apud
885 4151 984 4207 flumen
1000 4157 1088 4226 AEgos.

929 4276 972 4320 10
