3190 5122
382 453 456 552 374
581 451 803 522 VALERII
836 450 1041 518 MAXIMI
1068 450 1164 518 LIB.
1196 447 1239 518 V.

379 586 514 672 nostris,
538 585 750 653 victoriarum
771 606 903 651 suarum
928 579 1083 676 gradibus
1100 580 1222 650 aditum
1239 581 1330 674 juxta
1349 609 1433 652 moe-

378 691 454 762 nia¹
484 691 573 758 urbis
595 689 709 758 volsco
736 687 830 756 militi
855 688 1001 755 struxit:
1024 701 1224 780 quapropter
1249 685 1434 758 fastidiosus

378 797 431 866 ille
452 799 484 864 in
505 795 701 864 aestimandis
721 794 815 862 bonis
834 794 899 861 suis
918 791 1073 886 populus,
1091 795 1147 885 qui
1166 816 1223 860 reo
1237 817 1304 859 non
1319 818 1433 888 peper-

380 917 487 988 cerat,
509 899 611 970 exsuli
629 915 761 969 coactus
779 913 828 967 est
846 896 1040 992 supplicare.
1059 899 1152 966 Missi
1170 897 1212 966 ad
1226 921 1301 966 eum
1320 899 1432 993 depre-

380 1007 521 1077 candum
541 1007 653 1100 legati,
667 1004 748 1074 nihil
762 1001 1002 1099 profecerunt²;
1017 1005 1107 1072 missi
1123 1002 1239 1072 deinde
1250 1005 1433 1074 sacerdotes

380 1139 457 1182 cum
479 1097 618 1195 infulis³‚
641 1136 732 1205 eque
759 1112 827 1180 sine
852 1109 973 1178 ellectu
994 1108 1186 1178 redierunt:
1213 1111 1369 1203 stupebat
1387 1135 1433 1179 se·

379 1234 492 1306 natus,
518 1217 701 1311 trepidabat
726 1215 886 1311 populus,
904 1217 964 1284 viri
985 1217 1109 1310 pariter
1133 1239 1171 1284 ac
1192 1213 1345 1284 mulieres
1367 1218 1434 1284 exi-

379 1326 462 1392 tium
488 1324 660 1392 imminens
685 1321 957 1392 lamentabantur.
979 1324 1073 1390 Tunc
1094 1321 1246 1407 Veturia,
1270 1320 1437 1392 Coriolani

380 1445 501 1514 mater,
514 1427 726 1496 Volumniam
738 1451 874 1496 uxorem
888 1427 974 1518 ejus,
988 1441 1021 1494 et
1035 1425 1153 1496 liberos
1165 1451 1276 1496 secum
1286 1427 1436 1513 trahens,

381 1549 487 1604 castra
506 1533 703 1604 Volscorum
723 1535 841 1627 petiit:
863 1555 962 1626 quum
983 1532 1040 1600 ubi
1062 1531 1146 1601 lilius
1163 1531 1328 1626 adspexit,
1347 1535 1436 1601 «Ex-

380 1626 563 1734 pugnasti⁴‚
585 1641 705 1731 inquit,
726 1652 759 1706 et
779 1639 884 1706 vicisti
904 1639 986 1706 iram
1003 1662 1128 1726 meam,
1149 1639 1272 1732 patria,
1285 1637 1437 1732 precibus

381 1745 478 1839 hujus
501 1745 664 1830 admotis,
682 1745 775 1836 cujus
793 1757 887 1813 utero
902 1758 951 1830 te,
972 1729 1139 1838 quamvis⁵
1157 1746 1276 1812 merito
1291 1744 1373 1828 mibi
1390 1745 1434 1810 in-

380 1853 500 1934 visam,
521 1850 627 1934 dono;
644 1879 663 1914 n
687 1851 907 1943 continuoque
936 1873 1108 1918 romanum
1129 1873 1245 1944 agrum
1266 1847 1437 1918 hostilibus

380 1959 478 2024 armis
501 1955 658 2025 liberavit.
682 1959 771 2049 Ergo
792 1968 906 2049 pectus
927 1954 1039 2024 dolore
1057 1967 1198 2048 acceptae
1216 1955 1361 2047 injuriae,
1383 1979 1437 2048 spe.

380 2060 546 2155 potiundae
559 2063 716 2148 victoriae‚
728 2061 924 2129 verecundia
936 2061 1138 2130 detrectandi
1150 2061 1336 2148 ministerii,
1349 2074 1438 2128 metu

380 2151 516 2235 mortis⁶
535 2167 712 2253 refertum,
731 2181 837 2235 totum
856 2165 915 2234 sibi
934 2168 1037 2261 pietas
1059 2165 1259 2236 vacuefecit:
1280 2167 1440 2260 uniusque

381 2274 525 2364 parentis
542 2271 714 2365 adspectus
736 2271 858 2340 bellum
876 2286 968 2341 atrox
990 2272 1122 2342 salutari
1143 2295 1225 2366 pace
1243 2273 1394 2340 mutavit.

436 2401 468 2444 n.
489 2375 610 2444 Eadem
627 2377 748 2471 pietas⁷
766 2379 890 2446 viribus
909 2379 974 2447 suis
992 2379 1231 2446 inflammatum
1246 2377 1438 2446 Abicanum

382 2483 599 2573 superiorem,
615 2481 748 2548 vixdum
763 2507 867 2551 annos
878 2483 1071 2577 puerilitatis
1085 2507 1269 2577 egressum,
1285 2481 1327 2550 ad
1341 2505 1437 2576 opem

425 2681 450 2716 1.
464 2663 540 2716 Juxta
554 2667 647 2716 mmsis.
663 2665 784 2734 Guyetss
795 2667 888 2720 maluit
931 2678 999 2730 erat,
1013 2685 1063 2730 ne,
1082 2665 1105 2718 si
1122 2667 1374 2738 nrbsnoppngnm
1386 2663 1434 2716 de·

383 2741 418 2794 ad
428 2745 521 2795 marsia.
931 2745 1044 2810 sisteret,
1059 2743 1093 2798 sb
1104 2743 1167 2816 ipsis
1182 2745 1248 2808 illis,
1262 2761 1370 2814 morona
1380 2745 1431 2794 im·

423 2841 449 2874 a.
467 2823 632 2889 Prosecerunt.
647 2822 800 2875 Perizonius
815 2823 889 2877 malit
930 2836 1036 2895 perator
1047 2823 1226 2886 erat,Volscis
1235 2821 1433 2875 interimeretur.

377 2901 540 2970 perfecerant,
555 2915 581 2954 et
594 2921 654 2954 mox
668 2902 800 2964 redierunt,
816 2901 889 2974 quod
932 2901 1024 2956 Cicero
1035 2903 1064 2955 ,in
1078 2900 1158 2954 Lsslio
1167 2901 1254 2974 ipsum
1264 2900 1310 2954 sibi
1320 2913 1435 2953 mortem

381 2980 410 3033 in
420 2979 545 3034 soloeod.
556 2981 649 3052 Copes.
664 2993 712 3034 ess.
724 2982 822 3036 Mutari
831 2999 890 3054 pos·
931 2983 1084 3036 neminisse
1100 2981 1199 3036 scribit.
1214 2983 1373 3035 Munianus
1384 2993 1437 3045 sss,

381 3071 453 3123 sent,
470 3073 496 3112 st
509 3079 561 3112 non
579 3073 617 3112 est
630 3079 743 3114 necesse.
931 3059 1004 3132 quod
1012 3061 1114 3114 Volscis
1126 3062 1284 3132 pmmiserat
1296 3072 1322 3114 st
1335 3063 1438 3131 incepe-

423 3139 450 3193 3.
468 3137 528 3190 Cum
542 3139 631 3204 infuls's.
649 3139 751 3192 Ornatu
769 3139 888 3194 sacerdo·
930 3152 979 3192 ret.
989 3137 1094 3209 Septem
1105 3139 1171 3192 MSS
1181 3141 1324 3192 semendis
1337 3159 1385 3192 non
1397 3140 1436 3191 de-

381 3213 427 3270 uti
441 3219 468 3270 in
485 3217 578 3288 capite.
932 3218 1058 3271 instandi.
1075 3219 1155 3271 Male.

422 3298 623 3367 4.Espn5nosti.
634 3297 701 3349 Ante
713 3296 765 3350 boc
777 3297 889 3350 verbnm
972 3315 999 3366 7.
1026 3289 1120 3348 Eadem
1136 3300 1231 3368 μὀτω,
1253 3309 1303 3350 etc.
1327 3303 1379 3350 An.
1402 3299 1436 3352 U.

382 3375 488 3446 quidm
503 3375 581 3430 MSS.
597 3388 623 3428 et
635 3374 696 3430 edd.
710 3377 827 3448 pluscula
841 3377 888 3428 bs·
933 3375 998 3429 535.
1009 3377 1067 3430 Liv.
1078 3377 1157 3441 XXI,
1168 3380 1221 3442 463
1234 3375 1303 3428 Plin.
1316 3376 1397 3442 xvl,
1406 3383 1436 3440 ἧς

380 3455 459 3520 bent,
472 3474 529 3525 que
544 3453 651 3526 Pighius
660 3467 731 3508 recte
746 3455 888 3526 expunxit,
931 3455 1020 3508 Senec.
1035 3453 1069 3507 de
1076 3455 1168 3525 benef.
1182 3453 1237 3520 Ill,
1251 3455 1302 3522 335
1314 3453 1385 3508 Hor.
1398 3455 1435 3518 Π,

381 3533 442 3603 quis
455 3531 487 3584 ad
497 3535 719 3602 verbumssciolo
729 3533 844 3606 quodem
856 3553 887 3587 ex
932 3539 965 3600 6,
992 3554 1036 3588 ro.
1058 3566 1098 3578 —-
1118 3535 1276 3586 Psoerilitasis.
1297 3533 1355 3587 Hac
1375 3551 1436 3586 voce

379 3612 456 3670 Livio
471 3613 514 3675 11,
528 3619 584 3680 40,
602 3611 732 3686 descripta
752 3611 887 3666 videntur.
930 3613 1008 3667 etiarn
1016 3613 1164 3666 Varronem
1179 3631 1268 3677 usum,
1289 3611 1369 3665 tradit
1382 3612 1434 3664 No·

422 3691 446 3744 ⁵.
462 3691 550 3743 Patrio
637 3697 747 3766 quamvis.
765 3691 808 3746 Sic
819 3694 887 3746 bene
930 3692 1053 3746 ninsVix
1069 3705 1155 3745 tamen
1167 3692 1294 3762 puerilitas
1304 3709 1355 3764 pro
1368 3703 1436 3742 erate

379 3771 887 3843 textumconstituitPighlnsexMSS.,
927 3773 1015 3844 puerili
1041 3770 1149 3834 dicitur,
1174 3784 1200 3824 et
1224 3771 1296 3824 locus
1310 3771 1437 3824 Varronis

378 3869 461 3921 quum
477 3851 505 3903 in
525 3849 582 3904 aliis
596 3851 644 3903 sit:
658 3857 764 3922 patriam
777 3851 886 3924 precibus
929 3849 1000 3924 apud
1017 3851 1133 3904 Nonium
1149 3849 1280 3913 ostendit,
1295 3851 1385 3922 potins
1404 3847 1438 3902 de

379 3929 446 3998 liujus
472 3930 584 3992 adrnotb,
612 3933 678 4000 cujus
704 3945 769 3984 utero
794 3933 886 3983 deletus
929 3931 1047 3985 mosibus
1065 3949 1209 4002 puerorum
1230 3943 1256 3983 et
1276 3928 1310 3982 de
1333 3931 1438 3983 levitate

379 4027 442 4069 sum,
462 4013 580 4079 quanvis,
599 4021 648 4063 etc.
929 4011 1025 4082 puerili
1033 4011 1101 4064 banc
1110 4029 1200 4063 vocem
1214 4009 1345 4080 usurpari.
1359 4005 1438 4061 Unde

418 4087 520 4140 &Mem
530 4092 618 4142 mortu.
628 4087 804 4142 Metuendurn
813 4087 885 4142 enim
928 4091 1071 4144 Torrenins
1086 4089 1205 4160 conjicit,
1221 4087 1358 4142 Valerium
1372 4087 1437 4140 scri·
