3184 5132
395 489 466 560 126
581 475 806 558 VALERII
838 488 1048 558 MAXIMI
1084 490 1180 556 LIB.
1214 491 1267 556 II.

388 625 495 708 lovis,
516 621 606 716 quod
623 621 732 714 prisco
750 645 842 690 mors
862 619 1106 703 factitaverant,
1129 623 1234 706 vesci,
1257 621 1359 690 Tibur
1378 625 1452 692 irati

390 755 425 800 se
440 727 671 812 contulerunt3
687 751 828 820 quorum
848 729 1027 796 ministerio
1045 742 1176 796 senatus
1194 728 1324 798 deserta
1341 728 1450 796 sacra¹

391 861 459 908 ιιοιι
477 859 572 928 aequo
593 835 703 902 animo
721 833 847 920 serens,
868 857 928 928 per
945 831 1070 927 legatos
1092 833 1317 904 aTiburtibus
1340 835 1451 928 petiit,

390 959 427 1010 ut
448 965 507 1010 eos
523 945 642 1034 gratia
656 963 722 1008 sua
740 945 891 1008 romaum
910 941 1042 1034 templis
1059 945 1295 1010 restituerent:
1310 965 1393 1033 quos
1409 939 1452 1010 illi

389 1050 424 1116 in
447 1048 615 1142 proposito
637 1060 900 1141 perseverantes,
929 1047 1122 1140 interposita
1146 1045 1236 1118 festae
1258 1045 1451 1140 epulationis

391 1151 618 1240 simulatione,
640 1177 733 1220 mero
748 1177 929 1248 somnoque
948 1153 1089 1246 sopitos,
1111 1151 1290 1247 plaustris
1281 1178 1315 1220 ιιι
1336 1153 1450 1222 urbem

390 1257 601 1332 devehendos
618 1272 840 1326 curaverunt·
832 1259 978 1352 ,quibus
996 1272 1029 1326 et
1044 1258 1150 1328 honos
1166 1256 1341 1354 pristinus²
1361 1260 1451 1328 resti-

392 1379 499 1450 tutus,
519 1379 552 1434 et
568 1365 704 1458 hujusce
727 1362 847 1432 lusus
837 1389 890 1456 Jus
906 1378 955 1432 est
973 1363 1096 1436 datum.
1117 1350 1358 1442 Ρειιοιιιιιιιιι3
1376 1389 1451 1434 usus

392 1471 553 1566 pudorem
577 1473 809 1540 circumventae
830 1469 1027 1542 temulentiae
1045 1495 1177 1542 causam
1196 1470 1308 1542 habet.

447 1573 478 1648 5.
506 1578 579 1647 Fuit
600 1579 698 1646 etiam
723 1574 778 1642 illa
800 1575 988 1669 simplicitas
1010 1579 1221 1670 antiquorum
1243 1578 1277 1646 in
1302 1578 1377 1646 cibo
1396 1601 1451 1646 ca·

391 1683 525 1779 piendo,
538 1683 749 1752 humanitatis
766 1681 862 1749 simul
879 1697 912 1750 et
927 1683 1135 1750 continentiae
1147 1685 1325 1751 certissima
1340 1683 1450 1764 index;

392 1813 468 1857 nam
488 1789 637 1858 maximis
652 1789 729 1856 viris
744 1775 928 1882 prandere⁴
944 1802 978 1855 et
995 1811 1126 1856 coenare
1141 1790 1173 1856 in
1190 1787 1389 1883 propatulo,
1403 1814 1451 1856 ve
1565 1827 1566 1850 ι

392 1894 555 1964 racundiae
570 1919 637 1963 non
656 1908 751 1962 erat:
769 1905 837 1961 'nec
853 1919 930 1962 sane
948 1892 1030 1962 ullas
1045 1893 1158 1988 epulas
1173 1893 1340 1964 habebant
1345 1918 1451 1988 ,quas

392 1999 506 2095 populi
522 2000 624 2070 oculis
638 2001 799 2092 subjicere
814 1999 1064 2068 erubescerent:
1080 2016 1174 2068 erant
1189 2000 1272 2068 adeo
1289 2002 1453 2070 continen-

392 2108 445 2174 tias
458 2107 590 2193 attenti,
602 2120 639 2173 ut
651 2106 853 2203 frequentior
865 2105 953 2200 apud
966 2129 1022 2173 eos
1036 2104 1134 2198 pultis
1146 2131 1224 2174 usus
1230 2131 1351 2234 ,quarn
1361 2109 1451 2200 panis

393 2227 492 2281 esset·
485 2211 666 2304 ideoque
658 2236 692 2278 ιιι
706 2210 871 2280 sacrificus
884 2209 969 2278 mola
978 2236 1074 2306 quae
1087 2197 1288 2280 vocabatur
1291 2237 1356 2298 ex
1368 2211 1452 2282 farre
1565 2201 1566 2276 Ῑ

392 2331 426 2385 et
446 2315 512 2386 sule
530 2330 685 2402 constat,
711 2329 785 2384 exta
805 2316 891 2386 farre
912 2331 1133 2410 sparguntur,
1153 2332 1187 2386 st
1204 2315 1317 2411 pullis,
1335 2319 1451 2412 quibus

390 2423 535 2514 auspicia
551 2435 724 2514 petuntur,
747 2407 842 2516 puls⁶
861 2422 1023 2514 objicitur.
1044 2425 1197 2492 Primitus
1212 2425 1298 2491 enim
1317 2447 1356 2491 ex
1373 2421 1451 2492 liba-

392 2527 537 2596 mentis⁷
568 2527 674 2594 victus
692 2527 742 2594 sui
769 2527 847 2596 deos
874 2553 913 2596 eo
943 2527 1131 2614 efficacius,
1164 2555 1230 2624 quo
1254 2527 1451 2626 simplicius,
1565 2603 1566 2606 ,

391 2631 576 2728 placabant.

446 2737 479 2807 6.
496 2739 540 2805 Et
553 2751 688 2806 caeteros
703 2737 835 2856 quidem
854 2739 896 2808 ad
911 2739 1180 2809 benefaciendum
1194 2741 1451 2828 venerabantur3
1565 2723 1566 2752 l

391 2830 553 2914 Febrem⁸
573 2859 683 2914 autem
706 2844 747 2912 ad
770 2847 878 2912 minus
899 2846 1086 2916 nocendum
1096 2845 1256 2942 ,templis
1277 2847 1451 2928 colebant,

391 3036 580 3109 precedentis,
595 3035 642 3090 sed
659 3035 691 3089 ad
710 3037 844 3108 sequeutia
859 3056 901 3090 re·
944 3057 987 3108 ges
996 3039 1054 3090 latas
1068 3039 1191 3106 suerunt,
1206 3053 1237 3092 ut
1248 3042 1399 3112 patentibus
1414 3061 1452 3094 os·

393 3119 455 3172 lerri
468 3116 554 3170 debet.
569 3118 681 3170 Sensus:
695 3117 803 3177 literatis,
816 3117 845 3167 de
854 3137 902 3188 que
945 3119 988 3171 tiis
1000 3131 1154 3172 coenuretur.

392 3198 461 3260 dixi,
475 3200 510 3248 sic
523 3209 577 3248 orta
591 3209 636 3248 est.
987 3199 1011 3250 5,
1026 3199 1172 3252 Vocabatur.
1183 3201 1216 3252 ln
1226 3201 1362 3256 nonnullis
1373 3199 1449 3254 codd.

436 3295 460 3330 ι.
484 3277 591 3345 (luorum
600 3313 656 3328 ......
670 3293 748 3327 saera.
765 3274 900 3328 Tibiciues
943 3278 1040 3328 rectius
1056 3291 1169 3338 occatur,
1192 3277 1264 3349 quod
1284 3298 1340 3335 nvo
1352 3279 1450 3332 Valerii

393 3357 464 3426 ¹enim
478 3356 504 3408 in
519 3355 651 3408 sacrificiis
664 3354 806 3424 praecinere
821 3354 899 3408 soliti.
943 3355 980 3407 ita
992 3357 1081 3408 vocari
1095 3377 1149 3410 ιιοιι
1167 3356 1288 3413 desierat.
1304 3391 1345 3402 -
1363 3359 1449 3414 Fam.

391 3435 535 3490 -Gratia
550 3455 602 3486 sna.
618 3431 651 3486 Id
666 3445 717 3496 est,
731 3433 751 3484 si
770 3433 839 3484 bona
854 3434 900 3486 Ti·
942 3433 1078 3488 Adoreum
1089 3451 1189 3492 veteres
1198 3439 1371 3510 appellavere.
1382 3439 1448 3492 Pliu.

393 3517 563 3568 burtinorum
584 3513 718 3566 voluntate
732 3511 789 3564 lieri
804 3525 914 3581 posset*
942 3513 1040 3578 XXII,
1059 3517 1103 3570 2⁵.

325 3597 327 3601 ’
435 3615 460 3648 s.
483 3595 568 3646 Honos
580 3597 705 3664 pristinus.
722 3592 759 3643 Ut
772 3589 900 3649 nimirum
983 3599 1010 3648 6.
1025 3596 1086 3648 Patr
1098 3609 1207 3650 vocatur
1217 3609 1243 3648 et
1257 3597 1326 3658 olla,
1337 3597 1450 3668 itemque

393 3674 488 3726 iterum
501 3674 528 3724 iu
539 3674 613 3726 Jovis
624 3671 680 3726 sede
690 3682 866 3724 vescerentur.
942 3673 995 3726 olla
1007 3675 1163 3744 pultisvid.
1180 3677 1234 3730 Cic.
1254 3677 1300 3739 11,
1315 3675 1349 3728 de
1362 3677 1449 3730 Divin.

434 3751 459 3804 3.
473 3753 638 3805 Personarum.
652 3754 737 3804 Lartis
747 3749 844 3805 deinde
857 3751 898 3804 usi
984 3772 1010 3822 7.
1031 3755 1184 3808 Libanentt's.
1209 3755 1305 3814 Lihsre
1324 3751 1450 3818 (λιίόιιι,

392 3844 453 3886 sunt
463 3830 583 3884 tibicines
592 3871 599 3895 ,
608 3830 682 3903 quod
693 3829 790 3904 puduit
800 3849 861 3894 eos,
872 3849 899 3884 se
942 3831 1055 3886 sundere
1070 3831 1080 3896 )
1102 3835 1210 3906 proprie
1225 3848 1285 3900 est,
1300 3849 1403 3906 partem
1425 3847 1451 3888 et

391 3906 533 3981 aliquando
552 3929 624 3970 mero
639 3913 737 3983 sopitos
756 3911 784 3964 in
806 3911 898 3967 urbem
942 3911 1049 3982 quidem
1059 3915 1188 3984 primitias
1197 3913 1249 3971 diis
1259 3913 1380 3970 fundere.
1397 3915 1451 3970 Pri·

390 4001 582 4043 esserevectos.
941 4011 1012 4044 ιιιιιιιι
1034 4007 1111 4063 potus
1136 4007 1237 4065 partem
1259 3995 1396 4061 libantes,
1424 4013 1449 4047 se

430 4077 456 4134 4.
469 4068 600 4120 Pmnders.
611 4067 679 4122 Hinc
689 4069 898 4141 apparet,etinm
941 4069 993 4125 diis
1006 4071 1153 4128 sacrificare
1166 4073 1297 4131 dicebant.

385 4149 492 4220 prandia
507 4147 621 4217 antiquis
634 4149 661 4199 in
677 4167 726 4201 usu
740 4149 826 4202 luisse.
845 4150 897 4201 Le·
981 4152 1008 4202 8.
1028 4151 1209 4212 Febremllid.
1222 4154 1353 4220 Plinium,
1368 4153 1411 4220 11,
1423 4173 1451 4221 7,
