3184 5132
296 525 305 545 '
390 503 459 592 154
572 507 794 574 VALERII
827 505 1032 574 MAXIMI
1069 505 1162 573 LIB.
1198 505 1249 572 11.

442 662 471 708 1.
501 637 555 706 Ob
571 637 655 706 levia
669 636 781 732 praelia
794 635 926 732 quidam
948 637 1163 730 imperatores
1183 635 1367 730 triumphos
1379 635 1447 704 sibi

386 745 519 814 decerni
538 743 788 814 desiderabant:
805 743 923 838 quibus
938 757 976 811 ut
992 757 1239 828 occurreretur,
1260 739 1348 836 lege²
1364 765 1447 810 cau-

387 866 458 923 tum
473 865 540 936 est,
554 875 595 919 nc
612 851 684 944 quis
696 849 934 944 triumpharet,
947 850 1008 919 nisi
1023 851 1079 942 qui
1094 851 1238 942 quinque
1258 846 1356 916 millia
1377 848 1448 915 bo-

388 959 485 1026 stium
509 980 575 1024 una
596 959 665 1024 acie
682 956 867 1040 cecidisset;
889 981 956 1024 non
979 957 1066 1024 enim
1085 979 1243 1042 numero,
1262 953 1319 1022 sed
1341 953 1447 1049 gloria

388 1061 649 1156 triumphorum,
662 1061 820 1132 excelsius
832 1062 923 1131 urbis
935 1075 1054 1132 nostrae
1070 1061 1218 1130 futurum
1230 1061 1330 1129 decus
1342 1060 1447 1152 majo·

389 1195 440 1238 res
456 1167 693 1238 existimabant.
708 1171 872 1238 Caeterum
886 1193 928 1237 ne
945 1183 1012 1238 tam
1029 1166 1184 1264 praeclara
1198 1165 1250 1236 lex
1265 1165 1447 1261 cupiditate

388 1273 507 1344 laureae
516 1273 854 1369 obliteraretur,legis
863 1273 995 1344 alterius
1004 1273 1166 1368 adjutorio
1178 1271 1260 1342 fulta
1269 1287 1445 1366 est,quam

389 1384 426 1450 L.
444 1382 570 1450 Marius
585 1395 619 1450 et
636 1383 682 1450 M.
701 1384 785 1450 Cato
806 1381 929 1449 tribuni
945 1381 989 1476 pl.
1006 1379 1188 1450 tulerunt²:
1204 1403 1336 1474 poenam
1357 1380 1445 1446 enim

390 1487 643 1582 imperatoribus
655 1489 879 1581 minatur,qui
894 1501 950 1556 aut
962 1487 1108 1556 bostium
1118 1487 1302 1556 occisorum
1315 1486 1349 1552 in
1359 1507 1446 1579 prae-

389 1592 450 1679 lio,
463 1607 520 1662 aut
541 1594 733 1662 amissorum
758 1595 879 1662 civium
906 1592 1023 1662 falsum
1043 1619 1237 1680 numerum,
1256 1589 1373 1660 litteris
1394 1613 1447 1658 se·

389 1701 481 1768 natui
503 1701 572 1768 ausi
592 1713 700 1768 essent
720 1699 859 1768 referre:
869 1699 1045 1794 jubetque,
1067 1729 1084 1764 n
1098 1723 1169 1786 eos,
1185 1723 1286 1792 quum
1301 1698 1445 1792 primum

390 1805 506 1874 urbem
532 1808 724 1894 intrassent,
744 1805 832 1900 apud
854 1820 1031 1900 quaestores
1055 1790 1224 1874 urban0s³
1247 1804 1377 1898 jurare,
1403 1800 1445 1870 de

391 1925 533 2006 utroque
552 1937 690 1982 numero
708 1937 786 1982 vere
808 1913 850 1980 ab
868 1913 918 1982 his
941 1913 1067 1982 senatui
1082 1937 1152 1981 esse
1171 1911 1338 2004 scriptum.
1352 1937 1369 1972 n

388 2069 395 2078 -
448 2042 480 2088 a.
508 2021 587 2088 Post
606 2019 666 2088 has
687 2018 774 2114 leges
790 2017 903 2112 judieii
925 2017 1010 2086 illius
1031 2019 1224 2112 tempestiva
1244 2015 1370 2084 mentio
1393 2015 1447 2080 in·

392 2123 604 2212 trodueetur',
621 2128 655 2193 in
669 2151 735 2219 quo
753 2123 795 2194 de
812 2126 886 2220 jure
908 2123 1133 2218 triumphandi
1154 2123 1239 2190 inter
1254 2119 1447 2191 clarissimas

391 2253 547 2322 personas
570 2245 603 2298 et
624 2245 735 2299 actum
761 2245 794 2298 et
813 2256 984 2300 excussum
1009 2243 1065 2298 est.
1093 2231 1130 2297 C.
1149 2229 1300 2297 Lutatius
1333 2223 1448 2294 consul

393 2349 426 2402 et
444 2336 486 2424 Q.
500 2323 670 2404 Valerius⁴
685 2351 807 2430 praetor
826 2339 913 2406 circa
931 2333 1073 2404 Siciliam
1090 2335 1250 2429 insignem
1269 2335 1446 2402 Poenorum

393 2531 503 2585 minant.
516 2531 577 2586 Sine
589 2531 671 2586 dubio
681 2533 759 2586 etiam
769 2533 901 2584 Romano·
944 2533 1038 2585 urbem
1053 2531 1155 2604 ingredi
1166 2533 1203 2585 fas
1219 2545 1283 2585 erat.
1291 2531 1362 2584 Vide
1375 2531 1448 2604 Sigo-

394 2627 454 2662 rum
472 2611 587 2682 ορίαμὸος
602 2625 656 2666 erat
673 2611 784 2664 imitatio
798 2611 903 2665 Greco·
944 2612 1020 2664 nium
1035 2610 1068 2664 de
1086 2613 1193 2684 antiquo
1208 2613 1273 2664 Jure
1289 2613 1388 2664 civium
1403 2629 1449 2663 rot

395 2707 470 2756 rum,
484 2692 530 2762 qui
539 2692 651 2762 gloriosa
664 2691 713 2745 hac
723 2709 820 2763 pompa
832 2692 902 2744 inter
944 2710 1015 2744 man.
1028 2691 1095 2744 Item
1110 2710 1242 2756 necares,
1254 2709 1303 2744 nec
1316 2692 1389 2764 signa
1397 2688 1448 2744 diis

395 2768 459 2822 alios
482 2771 593 2824 victores
617 2771 645 2824 in
669 2770 807 2843 olympicis
832 2769 902 2824 ludis
944 2772 1105 2837 statuebant,
1120 2771 1171 2824 uisi
1185 2773 1219 2824 ob
1233 2783 1351 2826 externas
1366 2772 1451 2824 victo·

395 2845 561 2904 decorarunt.
944 2852 1006 2904 rias.
1024 2849 1095 2903 Vide
1107 2852 1192 2904 Tacit.
1211 2851 1306 2904 dunel.
1322 2851 1381 2916 111,
1403 2847 1448 2921 qui

443 2949 467 2984 1.
482 2931 553 3000 Lege.
565 2931 664 3002 Deque
675 2927 773 2982 videsis
785 2931 899 2992 Dionem
944 2929 978 2983 de
993 2931 1100 2984 Tiberio
1118 2949 1125 2984 :
1146 2931 1245 2994 ·tden‚
1266 2931 1369 3001 iuquit,
1380 2949 1448 3002 quare

395 3015 442 3068 lib.
465 3009 606 3062 XXXVII.
632 3041 671 3053 -
693 3011 751 3078 Qui.
773 3009 902 3063 Nonnulli
946 3010 1311 3080 Valerr'asMessaliaussr'gnum
1320 3013 1450 3062 aureum

397 3089 471 3146 MSS.
483 3089 618 3142 omittunt.
631 3120 670 3131 -
686 3089 903 3162 Qut'nque....ceci·
944 3089 995 3142 oede
1013 3089 1101 3142 Martis
1112 3089 1219 3152 liboris,
1241 3088 1339 3143 Coecina
1353 3089 1450 3143 Semi

397 3173 478 3225 dtuet.
500 3167 608 3222 Accedit
631 3181 657 3220 et
676 3166 754 3234 illud,
776 3167 849 3242 quod
868 3166 902 3222 ad
944 3189 1011 3222 aram
1030 3169 1124 3222 Ultioni
1136 3169 1284 3222 statuendam
1295 3171 1448 3229 censuissent,

396 3248 561 3320 triumphurn
583 3265 688 3319 quoque
708 3266 811 3301 necnee
831 3262 902 3314 erat,
941 3248 1091 3320 pmtibuit:
1114 3249 1143 3300 ob
1157 3262 1265 3302 externas
1279 3253 1396 3301 uictorias
1409 3268 1449 3298 se·

397 3350 431 3386 ne
449 3329 535 3382 multo
555 3327 681 3398 sanguine
699 3327 837 3380 victoriam
855 3347 902 3399 pa·
944 3333 1009 3380 crati
1020 3327 1147 3396 dientem,
1160 3329 1286 3382 domestica
1296 3330 1361 3380 mala
1376 3331 1449 3380 aristi*-

397 3421 514 3465 rasseut:
529 3405 591 3460 inde
610 3419 641 3459 ut
656 3413 764 3459 auctum'
775 3420 840 3460 esset
856 3408 904 3460 im·
946 3413 980 3460 tiu
994 3408 1129 3478 operanda.
1139 3435 1150 3456 ι.
1166 3441 1196 3452 .-
1212 3403 1312 3462 Eadem
1328 3407 1363 3462 de
1376 3425 1449 3460 causa

397 3491 519 3562 perium3
542 3504 628 3558 neque
644 3499 797 3558 recuperata
815 3487 901 3551 bello,
945 3488 1027 3559 spolia
1041 3487 1112 3540 civili
1123 3489 1193 3541 bello
1205 3489 1320 3562 captain
1332 3489 1450 3559 postibus

398 3567 556 3642 qunamissa
565 3566 676 3619 fueraut.
687 3564 905 3632 Deinde,necon·
945 3567 1018 3620 uulla
1032 3566 1083 3621 lixa
1098 3568 1193 3636 tuine,
1207 3568 1355 3622 verosimile
1368 3580 1414 3620 est.

398 3661 438 3700 tra
453 3663 555 3710 servos,
573 3645 711 3718 fugitivos,
729 3646 841 3717 piratas,
859 3659 903 3698 aut
988 3666 1013 3700 s.
1034 3647 1157 3699 Tolerunt.
1180 3649 1231 3701 Au.
1246 3647 1281 3701 U.
1301 3651 1365 3716 691.
1381 3643 1450 3698 Vide

396 3725 481 3780 simile
510 3743 591 3795 genus
618 3725 757 3778 hominnm
778 3726 903 3778 bellatum
945 3725 1056 3798 Dionys.
1072 3725 1204 3780 Halicarn.
1225 3727 1367 3780 XXXVII.

398 3808 475 3859 soret.
488 3804 610 3876 Denique
627 3805 698 3858 civili
711 3805 795 3874 bello,
813 3805 861 3859 etsi
874 3825 903 3859 re
987 3807 1013 3862 3.
1032 3807 1168 3877 (lucratores
1185 3806 1296 3860 manos.
1315 3805 1370 3872 Qui
1388 3823 1450 3860 aera·

399 3883 545 3938 felicissime
560 3895 642 3954 gesta,
657 3903 743 3957 neque
762 3885 903 3958 imperato·
946 3885 1016 3938 rium
1026 3887 1115 3939 lloruae
1127 3887 1316 3958 procanabant,
1332 3899 1359 3940 et
1371 3903 1449 3958 pecu·

398 3965 470 4018 rium
480 3981 577 4015 nomen
587 3964 722 4018 acclamari
729 3977 845 4036 poterat,
856 3984 904 4018 ne·
946 3965 1002 4018 nias
1014 3979 1130 4038 receptas
1144 3980 1169 4019 et
1180 3985 1303 4038 expensas
1312 3967 1338 4018 in
1352 3965 1450 4020 tabulas

398 4062 450 4116 que
474 4041 676 4114 supplicationes
695 4043 801 4098 decerni
821 4063 828 4098 :
848 4063 903 4098 uon
946 4045 1230 4120 publicasrelerebaut.

399 4122 604 4194 triumphantes,
623 4142 657 4175 ue
674 4137 780 4177 ovantes
794 4123 903 4194 quidem
987 4131 1013 4186 4,
1028 4125 1061 4194 Q.
1076 4126 1196 4179 Valerius.
1209 4127 1234 4178 Is
1243 4125 1349 4178 classem
1356 4125 1450 4178 Poeno·
