3196 5122
406 495 475 566 188
571 493 794 562 VALERII
828 494 1035 562 ΜΑΧΙΜΙ
1069 493 1164 562 LIB.
1200 493 1275 562 111.

397 625 463 692 rari
482 648 596 694 omnes
613 647 681 692 non
699 637 854 718 possent,
871 624 1091 694 necessarium
1109 621 1281 693 eonsilium
1301 624 1336 692 in
1358 621 1450 718 plana

398 731 492 800 urbis
513 745 606 824 parte
621 731 786 800 seniorum
800 729 1090 824 relinquendorum
1104 745 1279 824 oeperunt,
1292 753 1360 824 quo
1377 729 1450 798 faci·

399 835 462 906 lius
475 837 633 930 juventus
654 835 805 930 reliquias
826 837 954 932 imperii
972 850 1143 924 tueretun3
1163 850 1318 906 caeterum
1340 861 1382 906 ue
1399 835 1451 905 illo

398 943 529 1036 quidem
563 957 630 1012 tam
658 943 797 1024 misero,
817 957 951 1038 tamque
982 941 1133 1028 luctuoso
1161 957 1310 1038 tempore
1341 944 1451 1012 civitas

398 1063 511 1118 nostra
528 1051 658 1119 virtutis
680 1075 746 1120 sure
766 1048 868 1118 oblita
888 1064 959 1133 est;
977 1049 1125 1122 defuncti
1149 1050 1236 1118 enim
1255 1048 1450 1134 honoribus,

399 1157 519 1248 apertis
537 1145 663 1250 januis,
685 1157 718 1226 in
736 1155 904 1228 curulibus
922 1154 1007 1226 sellis
1016 1154 1036 1240 ¹,
1055 1180 1132 1226 cum
1148 1154 1330 1249 insignibus
1348 1155 1450 1248 magi·

399 1275 576 1348 stratuum,
593 1287 676 1356 quos
695 1277 878 1356 gesserant,
900 1261 1247 1356 sacerdotiorumque,
1271 1285 1344 1356 quae
1362 1275 1452 1330 erant

400 1365 532 1462 adepti,
550 1355 796 1456 consederunt,
813 1384 853 1438 ut
872 1383 905 1438 et
928 1371 989 1464 ipsi
1010 1369 1045 1438 in
1063 1392 1184 1438 occasu
1206 1365 1282 1436 suo²
1304 1365 1451 1460 splendo-

400 1497 470 1542 rem
492 1488 526 1542 et
548 1490 742 1544 ornamenta
758 1476 834 1546 vitae
858 1460 1030 1570 praeteritae
1057 1475 1254 1556 retinerent,
1272 1487 1307 1542 et
1325 1471 1449 1566 piebem

399 1578 441 1647 ad
460 1578 577 1648 fortius
598 1581 806 1652 sustinendos
822 1605 917 1652 casus
932 1606 991 1651 suo
1009 1581 1123 1676 vigore
1138 1593 1368 1674 provocarent
1388 1581 1451 1646 Ve-

400 1685 552 1756 nerabilis
566 1711 681 1756 eorum
696 1703 847 1783 aspectus
867 1690 975 1783 primo
992 1687 1141 1756 hostibus
1159 1687 1243 1773 fuit,
1259 1701 1293 1756 et
1308 1687 1463 1768 novitate,

401 1793 470 1878 rei,
485 1807 518 1862 et
527 1793 773 1888 magnificentia
789 1793 909 1881 cultus,
921 1808 956 1862 et
968 1796 1039 1888 ipso
1053 1779 1214 1863 audaciae³
1227 1817 1347 1886 genere
1365 1812 1451 1860 oom-

401 1899 585 1970 mot'iszsed
606 1903 679 1994 quis
697 1900 877 1984 dubitaret,
898 1901 977 1995 quin
995 1913 1029 1968 et
1045 1897 1131 1969 Galli
1153 1913 1187 1968 et
1209 1900 1349 1968 victores
1367 1897 1452 1967 illam

401 2004 651 2078 admirationem
669 2032 746 2076 mox
769 2007 803 2074 in
822 2009 937 2094 risum,
955 2021 988 2074 et
1007 2008 1041 2074 in
1062 2029 1160 2074 omne
1176 2003 1385 2075 contumeliae
1401 2027 1452 2098 go

401 2135 464 2179 nus
483 2115 674 2182 conversuri
693 2111 819 2182 essent?
831 2115 909 2182 Non
931 2114 1134 2207 exspectavit
1153 2112 1253 2206 igitur
1269 2111 1355 2180 banc
1374 2110 1452 2201 inju-

401 2218 457 2284 riae
476 2220 698 2288 maturitatem
721 2222 758 2288 C.
780 2207 929 2306 Atilius⁴3
947 2243 1064 2288 verum
1095 2217 1233 2287 barbam
1260 2241 1354 2288 suam
1381 2239 1454 2310 per·

404 2321 559 2390 mulcenti
586 2321 683 2392 Gallo
705 2325 884 2419 scipionem
907 2325 1092 2394 vehementi
1114 2326 1182 2394 ictu
1207 2324 1306 2418 capiti
1323 2323 1454 2404 inflixit,

404 2429 498 2520 eique
518 2442 654 2522 propter
674 2427 820 2498 dolorem
840 2431 882 2500 ad
896 2457 930 2500 se
946 2430 1162 2502 occidendum
1181 2431 1289 2499 ruenti
1308 2427 1455 2524 cupidius

406 2557 527 2628 corpus
542 2531 661 2604 obtulit
669 2520 689 2602 ⁵.
698 2537 782 2630 Capi
796 2562 875 2632 ergo
886 2539 990 2608 virtus
1005 2538 1129 2626 nescit;
1141 2519 1309 2632 patientia⁶
1316 2533 1456 2603 dedecus

448 2751 469 2788 r.
483 2732 611 2788 comtibus
622 2735 695 2788 sellis.
711 2733 774 2790 Vid.
791 2736 908 2796 Gellius,
952 2736 1074 2804 dubites,
1090 2749 1178 2790 noum
1196 2735 1230 2790 ad
1250 2737 1328 2788 mati
1341 2735 1455 2788 referm-

407 2815 461 2876 111,
477 2818 523 2870 81.
951 2817 1017 2871 dnm
1031 2818 1065 2872 sit
1077 2820 1104 2870 τὸ
1119 2817 1243 2888 cupidita,
1261 2833 1295 2870 tn
1310 2813 1344 2867 ad
1356 2815 1455 2874 obtulit,-

447 2895 912 2960 aJnoceatusqumminentemor·
952 2889 1455 2969 cumquoomnioooonjungendnran

407 2988 440 3026 te.
465 2974 508 3029 sio
529 2977 658 3054 vooabplo
679 2997 776 3030 occasus
798 2989 910 3030 utuntur
952 2976 1109 3040 enimvult,
1130 2976 1258 3040 Atilium,
1272 2974 1391 3046 quemvis
1407 2973 1454 3025 irn-

406 3053 484 3106 etiam
499 3055 593 3109 Cioero
606 3069 684 3128 etque
704 3057 800 3128 Nepos.
814 3089 851 3099 -
874 3055 913 3108 Et
952 3069 1016 3128 petu
1031 3055 1065 3109 ad
1075 3074 1137 3108 euin
1151 3053 1326 3108 occidendam
1345 3055 1455 3107 serretur

403 3134 493 3202 plebem
496 3173 542 3188 .....
553 3148 716 3207 provocarent.
737 3134 821 3188 Bndio
836 3134 911 3189 vide·
953 3136 1060 3200 Gallus,
1072 3153 1128 3188 non
1143 3135 1246 3188 minore
1259 3133 1354 3188 ardore
1368 3131 1454 3203 seipsi

407 3225 450 3266 tur
469 3215 659 3280 verosimilius,
674 3214 703 3268 id
718 3235 762 3268 eor
779 3216 830 3268 boe
847 3235 911 3270 eon·
953 3213 1129 3270 oooidendum
1139 3215 1272 3268 obtulisse.
1286 3215 1319 3266 In
1331 3209 1392 3266 ood.
1405 3212 1455 3266 Co·

406 3293 465 3346 silio
475 3293 618 3358 feoisee,nt
626 3297 757 3364 majestate
768 3295 911 3366 religionis,
953 3315 1009 3368 peu.
1029 3308 1085 3349 erat
1100 3313 1107 3348 ε
1124 3313 1208 3364 corpur
1231 3294 1331 3366 cupidate
1355 3291 1455 3352 otuu,-

407 3375 480 3444 cujus
500 3373 572 3428 Galli
591 3393 694 3446 semper
713 3374 812 3428 suerint
825 3375 914 3428 obser·
953 3373 1026 3446 quod
1036 3375 1186 3446 penitere
1200 3375 1250 3428 eibi
1267 3374 1372 3445 plaeere
1387 3369 1457 3424 Peri·

409 3453 567 3518 ventissimi,
586 3455 619 3507 ab
634 3453 731 3524 injuria
751 3455 801 3506 tuti
817 3467 911 3508 essem.
954 3473 1013 3508 eon.
1027 3453 1165 3526 signifieat.

449 3535 475 3584 3.
496 3534 625 3588 Audacia.
640 3534 709 3599 Quia
723 3533 837 3586 inermes
852 3553 914 3588 oon·
995 3538 1021 3590 6.
1052 3536 1187 3586 Patientia.
1214 3532 1257 3585 sie
1281 3531 1310 3584 in
1337 3529 1457 3584 omnibus

409 3608 544 3676 oederent,
562 3613 638 3667 boote
657 3613 750 3666 urbem
762 3611 911 3684 diripiente.
954 3611 1031 3666 codd.
1053 3605 1128 3668 MSS.
1148 3624 1175 3666 et
1194 3610 1255 3666 edd.
1280 3611 1386 3682 legitur.
1404 3607 1456 3662 Soli

449 3695 476 3753 4.
499 3691 530 3746 C.
544 3693 644 3746 Atiliru.
658 3693 711 3746 Pro
724 3693 805 3748 Atilio
822 3693 914 3747 Livius
955 3691 1033 3746 oodd.
1044 3693 1152 3746 Barber.
1168 3692 1246 3763 prim.
1263 3703 1289 3744 et
1307 3691 1403 3762 Copae,
1415 3688 1458 3740 ba·

408 3780 435 3822 et
449 3769 519 3822 Plut.
535 3771 573 3824 Μ.
589 3772 725 3846 Papirium
740 3773 886 3827 nominent.
955 3774 1019 3826 bent
1040 3775 1185 3842 patientia,
1211 3769 1284 3842 quod
1303 3768 1410 3822 nudius
1428 3785 1458 3820 ex

452 3849 479 3903 5.
492 3850 568 3922 Eique
576 3866 712 3924 prinpum...
727 3853 820 3906 obtudit.
832 3854 912 3920 Sunt,
955 3855 1105 3924 oonjecturt
1114 3853 1224 3923 legeret,
1232 3851 1353 3904 Petitur.
1365 3849 1393 3902 in
1403 3845 1457 3900 MS.

352 3965 355 3970 ,
410 3928 539 4000 quibune
553 3929 673 3986 οιάἱῐιειιι
686 3935 846 4004 preferant:
860 3955 914 3986 eor·
956 3934 1093 3986 invenerat
1103 3943 1129 3984 et
1138 3929 1264 3984 ediderat.
1278 3927 1404 3984 Eamdetn
1412 3927 1460 3980 leo·
1579 3987 1580 3990 Ἴ

407 4027 454 4080 pus
471 4009 579 4080 cupidius
598 4012 701 4076 utute·
722 4014 769 4086 qni
782 4015 861 4068 etiarn
875 4026 914 4067 ert
957 4013 1056 4066 tionem
1069 4013 1182 4064 Temen.
1197 4011 1225 4062 in
1238 4022 1339 4064 textum
1349 4005 1460 4078 recepit,

410 4087 439 4140 in
457 4086 536 4141 oodd.
557 4090 631 4144 Mss.
645 4093 753 4164 aliquot.
772 4095 916 4148 Praem-
956 4093 1018 4166 quia
1036 4091 1104 4146 nibil
1118 4091 1162 4144 bio
1177 4088 1264 4144 lendis
1278 4089 1360 4142 tribui
1377 4095 1461 4158 potest

310 4241 316 4250 Ι
410 4167 914 4244 dossanevidetur,qniaineominus
953 4176 1091 4245 patientie,
1108 4169 1354 4242 eujueoontrariom
1369 4165 1459 4220 tuitio
