3218 5128
370 419 415 500 aa
576 413 802 480 venenu
834 409 1043 478 Maxim
1072 409 1166 478 ata.
1198 412 1224 477 1.

367 549 408 616 tis
430 543 503 614 loco
524 543 618 613 duxit
640 570 647 610 :
668 543 745 612 sano
766 544 852 612 enim
876 539 1102 636 Proserpinae¹
1129 539 1268 636 spoliato
1290 543 1429 630 locris,

366 676 469 746 quum
487 675 547 745 per
568 649 671 718 altum
692 648 836 720 secundo
857 663 956 717 vento
976 647 1078 717 classe
1099 647 1298 735 veheretur,
1317 648 1428 719 ridens

367 757 480 826 amicis
503 781 510 822 :
538 784 554 820 t<
570 756 764 844 Videtisne,
786 757 845 841 ait,
864 779 964 849 quam
989 754 1077 822 bona
1100 755 1265 850 navigatio
1285 754 1327 822 ab
1349 757 1429 850 ipsis

366 861 605 932 immortalibus
628 860 792 956 sacrilegis
814 859 1000 930 tribuatur?
1013 889 1030 924 n
1049 861 1209 930 Detracto
1233 861 1332 928 etiam
1351 863 1426 930 Jori

366 966 652 1062 Olympio²magni
663 967 816 1062 ponderis
827 992 927 1036 aureo
935 963 1076 1036 amiculo
1084 1016 1093 1050 ,
1102 991 1169 1059 quo
1180 991 1254 1034 eum
1267 981 1425 1059 tyrannus

364 1075 467 1144 Hiero
481 1099 499 1141 e
517 1075 680 1142 manubiis
695 1073 1013 1168 Carthaginiensium
1029 1087 1225 1160 ornaverat,
1241 1072 1427 1170 ipjectoque

365 1182 395 1249 ei
410 1180 504 1250 laneo
516 1180 631 1274 pallio,
647 1180 745 1264 dixit,
761 1194 871 1250 aestate
885 1203 985 1272 grave
996 1175 1172 1246 amiculum
1186 1203 1323 1248 aureum
1337 1203 1427 1262 esse,

365 1287 473 1356 hieme
496 1286 649 1379 frigidum
666 1312 673 1354 :
691 1285 821 1354 laneum
838 1299 947 1353 autem
964 1284 1005 1352 ad
1019 1297 1196 1378 utrumque
1209 1299 1338 1378 tempus
1349 1287 1426 1352 anni

367 1395 482 1487 aptius.
497 1391 589 1460 Idem
600 1391 758 1485 Epidauri
770 1389 955 1484 AEsculapio
966 1391 1103 1472 barbam
1115 1413 1248 1460 auream
1265 1390 1352 1458 demi
1363 1391 1428 1483 jus·

368 1499 409 1568 sit
429 1523 437 1566 :
456 1497 544 1592 quod
568 1498 768 1582 affirmaret,
793 1521 861 1564 non
884 1498 1077 1580 convenire,
1094 1510 1221 1590 patrem
1241 1495 1424 1590 Apollinem

366 1603 568 1688 imberbem,
583 1605 690 1696 ipsum
706 1602 879 1670 barbatum
895 1603 1050 1696 conspici.
1062 1601 1154 1670 Idem
1170 1625 1298 1672 mensas
1316 1625 1427 1695 argen-

367 1693 454 1780 teas³
480 1722 577 1802 atque
595 1732 711 1778 aureas
728 1732 746 1775 e
765 1707 847 1778 fanis
866 1707 1020 1778 sustulit:
1039 1707 1193 1800 quodque
1210 1709 1243 1776 in
1266 1707 1317 1776 his
1336 1733 1429 1776 more

368 1817 505 1884 Graeciae
518 1816 677 1908 scriptum
698 1828 782 1897 erat,
799 1814 963 1882 bonorum
983 1813 1120 1882 deorum
1143 1836 1197 1882 eas
1215 1837 1305 1900 esse,
1324 1814 1371 1882 uti
1393 1839 1426 1882 se

280 2013 281 2016 Ἴ
367 1921 513 1990 bonitate
534 1945 650 1992 eorum
667 1919 865 2014 praedicavit.
884 1919 978 1989 Idem
997 1920 1149 1989 victorias
1167 1905 1306 1988 aureasl
1323 1933 1357 1988 et
1375 1943 1428 2014 pa-

412 2158 437 2191 t.
451 2141 609 2210 Proserpinae.
627 2137 785 2208 Proserpina
799 2135 876 2190 simul
921 2137 1121 2190 commemorari
1144 2157 1157 2188 a
1178 2135 1303 2189 Pausania
1323 2137 1370 2189 lib.
1387 2139 1426 2188 vt

369 2237 431 2272 eum
445 2215 540 2270 Cerere
549 2218 577 2269 in
587 2216 716 2269 Eleusinis
729 2217 808 2269 saeris
820 2218 876 2271 cul·
921 2217 1002 2270 Eliac.
1013 2235 1040 2286 p.
1054 2224 1108 2285 1199
1117 2237 1125 2282 ;
1135 2216 1250 2286 itemque
1259 2235 1273 2267 a
1283 2215 1362 2268 Diod.
1375 2215 1426 2269 Sic.

370 2295 877 2367 talnmemoriamraptnstserpinu
920 2297 967 2348 lib.
984 2297 1042 2360 xl,
1058 2315 1085 2368 p.
1105 2315 1156 2362 ao,
1180 2296 1293 2347 maxima
1315 2295 1425 2348 deorum

374 2376 559 2445 Thesmophoria
575 2375 689 2426 maximo
702 2375 776 2427 luctu
789 2393 878 2428 meuse
921 2375 1017 2446 templa
1032 2375 1159 2427 aGelone
1172 2393 1204 2438 er
1216 2375 1348 2426 manubiis
1363 2375 1427 2428 Car·

371 2454 554 2524 Pyanepsione
564 2454 706 2515 celebrata,
714 2472 793 2524 quern
802 2471 877 2506 men·
921 2453 1125 2525 thaginienaium
1137 2467 1266 2506 exstructa
1280 2451 1426 2524 predicari.

372 2551 427 2586 aem
441 2531 502 2585 ideo
522 2535 638 2604 σπόριμον
652 2533 792 2604 appellarit
807 2533 876 2588 Plut.
921 2533 1088 2586 Sedintanto
1098 2531 1175 2586 codd.
1184 2551 1311 2586 consensu
1320 2551 1427 2586 manum

371 2613 524 2666 -Excie
539 2610 573 2664 de
587 2613 647 2665 Nat.
662 2609 736 2666 deor.
752 2612 806 2676 111,
823 2613 877 2677 343
921 2614 1009 2683 potius
1022 2614 1154 2676 abstineo,
1169 2631 1252 2682 quum
1264 2610 1369 2664 videam
1384 2631 1427 2664 au·

371 2691 468 2745 AElian.
479 2691 705 2756 hist.1;Laetant.
716 2693 756 2756 11,
771 2697 817 2755 ¹lr
832 2709 876 2760 ¹9.
921 2693 1120 2763 ctoremsrepius
1128 2709 1211 2744 avere
1222 2693 1360 2744 aberrasse.
1370 2693 1427 2744 Nisi

414 2790 440 2824 a.
462 2771 519 2824 lori
539 2771 660 2843 Olympio.
675 2772 715 2823 De
732 2770 784 2824 hoc
803 2771 877 2823 Jovis
920 2771 977 2841 ipse
1001 2769 1034 2823 de
1052 2771 1169 2823 Hierone
1187 2771 1358 2834 intellexerit,
1381 2772 1427 2842 qui

372 2851 472 2922 templo
495 2852 587 2904 Cicero
607 2851 635 2903 in
652 2849 794 2904 Verrinis:
811 2849 876 2914 alia,
921 2849 1018 2902 Geloni
1037 2851 1175 2915 suecessit,
1190 2849 1224 2902 de
1243 2869 1297 2920 quo
1317 2848 1426 2902 Diodor.

372 2930 473 3001 inquit,
482 2932 545 2982 urba
556 2942 609 2995 est,
618 2927 690 2982 haud
698 2929 792 3001 procul
805 2948 820 2981 a
832 2929 878 3000 sy·
922 2928 972 2982 Sic.
986 2929 1032 2981 lib.
1045 2931 1099 2992 xl,
1114 2947 1141 3000 p.
1155 2931 1189 2999 37
1202 2967 1209 2992 ,
1222 2939 1249 2981 et
1262 2931 1336 3000 cujus
1349 2931 1428 2981 etiam

370 3011 485 3077 nensis,
496 3009 539 3062 cni
556 3027 653 3062 nornen
668 3023 707 3062 est
717 3009 877 3072 Acarnania,
921 3009 1041 3062 meminit
1059 3007 1188 3062 Pindarus
1204 3009 1312 3079 Olymp.
1328 3007 1425 3062 od.VI.

370 3088 398 3140 in
422 3106 474 3158 qua
494 3088 614 3158 Olympii
633 3089 706 3140 Joris
728 3087 876 3159 antiquissi-
920 3088 1043 3141 Toanan.

370 3185 444 3220 annm
461 3167 549 3219 lanum
563 3179 610 3220 est.
624 3197 664 3210 -
679 3167 764 3221 Hiero.
783 3167 877 3220 Cicero
961 3169 985 3221 3.
993 3169 1136 3238 Argenteus.
1145 3167 1204 3220 Mos
1213 3168 1263 3220 tuit
1272 3165 1342 3238 apnd
1357 3169 1426 3219 anti-

370 3245 389 3298 l.
408 3266 431 3300 c.
451 3265 483 3300 ex
501 3263 555 3317 quo
578 3245 634 3298 hue
659 3245 727 3298 forte
748 3247 877 3318 excerpsit
920 3265 985 3318 quos
998 3261 1028 3300 ut
1042 3259 1256 3316 memoenrgenteoe
1269 3248 1297 3298 in
1315 3245 1426 3300 deorum

371 3325 506 3394 Valerius,
533 3324 647 3379 Gelonem
670 3328 797 3380 nominat.
821 3326 874 3379 Ha·
920 3327 1024 3398 templis
1037 3339 1271 3391 cotiaecrmentur;
1284 3328 1309 3379 in
1326 3327 1367 3378 hie
1383 3345 1428 3378 aa·

370 3404 485 3477 bentque
511 3404 626 3460 Gelonem
650 3405 772 3458 nonnulli
796 3405 873 3458 codd.
919 3405 1172 3460 teminscribebatnr
1184 3407 1290 3459 titulus:
1305 3407 1427 3474 τῶνάγα-

371 3495 436 3538 teste
454 3485 561 3554 rigato,
578 3485 686 3557 plurimi
701 3485 874 3556 refragantur.
918 3489 963 3536 θῶν
977 3503 1022 3537 seu
1037 3491 1131 3555 χρηςῶν
1147 3490 1215 3538 taos.
1231 3485 1287 3538 Cic.
1301 3487 1320 3537 l.
1331 3503 1353 3537 c.
1369 3485 1426 3536 liant

369 3562 458 3627 Quare
480 3583 535 3617 non
560 3565 642 3618 ausim
666 3563 718 3618 hoc
740 3564 875 3618 Ciceronis
918 3563 998 3636 habet
1011 3565 1109 3617 verba:
1128 3591 1139 3612 ι
1155 3566 1183 3616 in
1193 3566 1427 3636 quihus-more

370 3642 876 3714 auctoritatemotusirnmutare3murn-
918 3645 1011 3696 reteris
1031 3643 1138 3697 Graecia
1157 3644 1313 3715 inscriptum
1338 3657 1424 3696 meet:

369 3721 410 3774 ris
424 3721 520 3784 seiam,
535 3721 678 3777 Hieronem
695 3735 751 3776 toto
770 3723 823 3775 lere
838 3742 876 3776 se·
919 3720 1030 3775 bonorum
1048 3723 1153 3776 deorum.
1165 3749 1176 3769 ι
1190 3721 1292 3775 Exinde
1305 3737 1427 3794 apparet,

370 3800 430 3852 culo
452 3799 581 3872 Dionysio
603 3803 778 3874 posteriorem
799 3822 873 3860 ease,
918 3801 1054 3856 Valerium
1069 3805 1148 3856 verba
1169 3804 1344 3873 scriptorum,
1359 3821 1425 3874 quos

369 3892 396 3932 et
414 3877 524 3932 dormis
543 3877 652 3934 devictis
674 3882 874 3954 Carthaginien·
918 3884 1060 3954 excerpsit,
1084 3880 1217 3936 interdum
1238 3882 1359 3934 nonnihil
1377 3883 1426 3934 im·

368 3960 440 4012 sibus
457 3955 576 4011 dedicata
591 3977 606 4012 a
620 3960 736 4025 Gelone,
753 3963 874 4032 interque
918 3974 1037 4016 mutasse.

367 4057 398 4094 ea
418 4039 514 4094 Jotem
535 4037 648 4110 ingentia
672 4040 873 4112 magnitudinis,
966 4047 991 4104 ei.
1019 4043 1140 4094 Victorias
1167 4061 1259 4094 aanor.
1291 4042 1325 4094 Et
1353 4041 1424 4094 hune
