3184 5132
372 453 420 524 68
570 451 797 521 VALERII
831 449 1040 518 MAXIMI
1076 449 1172 518 LlB.
1209 451 1237 518 I.

369 585 474 654 menis
495 584 583 652 enirn
605 583 803 652 atheniensis
820 607 923 669 uxor,
945 606 1048 676 quum
1066 580 1123 650 filii
1142 605 1181 650 ac
1199 579 1272 650 liliae
1289 605 1359 650 suae
1378 593 1451 650 stu·

369 716 433 786 pro
452 690 697 777 intervenisset,
717 691 877 784 inopinati
896 689 1034 758 monstri
1052 685 1218 782 perculse¹
1237 701 1449 781 conspectu,

370 811 404 866 et
421 795 455 864 in
477 819 621 890 praesens
639 809 769 890 tempus
785 795 827 864 ad
842 793 1093 888 indignandum,
1113 809 1147 863 et
1162 796 1377 888 inposterum
1395 792 1448 860 ad

370 901 572 996 loquendum
586 902 767 986 obmutuit;
787 901 831 970 illi
846 901 1008 970 nefarium
1024 900 1236 970 concubitum
1252 899 1448 968 voluntaria

370 1023 479 1078 morte
494 1023 690 1104 penserunt:
709 1009 773 1077 hoc
796 1007 897 1076 modo
913 1008 1046 1076 fortuna
1059 1009 1201 1076 noviens
1212 1006 1290 1076 huic
1303 1031 1446 1094 rocem,

370 1115 411 1184 iis
432 1116 533 1182 vitem
556 1113 693 1201 ademit,
708 1113 753 1182 illi
771 1116 913 1208 propitia
931 1113 1034 1182 donat
1042 1111 1062 1181 ².

426 1224 459 1306 4.
487 1205 614 1314 AEgles³
636 1222 775 1306 samius,
793 1218 916 1288 athlete
937 1234 1064 1306 mutus,
1093 1245 1195 1314 quum
1219 1220 1249 1288 ei
1272 1219 1445 1302 victorin,

371 1349 470 1420 quarn
489 1327 628 1425 adeptus
649 1339 737 1412 erat,
759 1324 873 1394 titulus
894 1340 928 1394 et
946 1327 1118 1420 premium
1138 1327 1338 1420 eriperetur,
1353 1323 1444 1391 indi·

373 1434 528 1526 gnatione
544 1457 716 1518 accensus,
732 1430 856 1500 vocalis
873 1433 985 1501 evasit.

428 1535 460 1608 5.
481 1541 615 1633 Gorgiae
630 1561 761 1632 quoque
781 1539 937 1632 epiroten,
956 1537 1050 1606 fortis
1070 1552 1105 1607 et
1124 1536 1203 1606 clari
1218 1523 1299 1606 viril
1323 1537 1441 1630 origo:

373 1729 514 1784 ediderunt
532 1729 672 1784 mirabilior.
695 1727 785 1782 Minus
804 1742 884 1782 reete.
929 1728 1016 1782 ulteris
1036 1729 1087 1781 illis
1102 1741 1147 1782 aut
1167 1729 1440 1790 recemundum

373 1811 524 1864 Miserabile
537 1811 607 1863 enim
622 1810 722 1874 lueret,
739 1809 885 1862 Athenien·
929 1807 1064 1862 ademerit.
1073 1806 1178 1862 Videris
1191 1823 1360 1880 moremque
1369 1809 1441 1860 'lor-

373 1889 514 1943 seruilium
532 1891 604 1942 omni
616 1890 764 1942 litterarum
777 1889 884 1942 scientie
928 1889 1018 1940 reniue
1031 1899 1057 1940 et
1069 1889 1190 1960 Knppiue
1208 1887 1241 1940 ad
1259 1889 1332 1940 huuc
1349 1889 1439 1940 locum

373 1983 401 2023 et
414 1969 555 2024 dulcedine
569 1969 710 2042 spoliatum
721 1969 818 2022 ferisne:
834 1968 885 2022 rni-
929 1985 1065 2022 monuere.

373 2047 885 2114 serabiliushoc‚metremndlortuitum
970 2048 996 2101 3.
1018 2047 1117 2118 AEgles.
1132 2049 1172 2100 De
1183 2065 1236 2119 quo
1254 2049 1306 2118 leg.
1320 2045 1440 2111 Gellius,

374 2129 447 2182 huno
461 2140 631 2200 conspectum
645 2129 723 2198 plane
741 2127 887 2180 obmutuit·
928 2127 984 2192 l.V,
995 2145 1018 2180 o.
1037 2147 1064 2196 9.
1073 2151 1109 2162 --
1122 2125 1225 2180 Samon.
1242 2125 1333 2180 samos
1354 2126 1439 2178 insule

375 2209 589 2279 ee.-Sequentis
604 2226 673 2258 casus
689 2211 803 2258 narratio.
812 2204 886 2270 Quid
930 2219 969 2260 eet
981 2207 1009 2259 in
1025 2207 1110 2258 lcnrio
1129 2205 1221 2260 merie
1236 2207 1344 2278 regione
1358 2207 1440 2258 lonis

376 2289 479 2339 subitus
499 2299 608 2348 terror,
626 2284 692 2356 quid
710 2284 821 2350 letitia,
841 2297 886 2338 eut
930 2287 990 2350 site,
1006 2305 1065 2357 qum
1081 2287 1183 2340 lunoni
1201 2287 1265 2340 olim
1283 2285 1333 2338 fuit
1347 2304 1436 2350 nom

377 2367 433 2417 elie
454 2366 621 2417 vehementes
643 2365 724 2416 animi
745 2365 886 2436 perturbe-
930 2378 956 2418 et
977 2365 1223 2431 somnulenta,
1247 2365 1327 2418 merie
1349 2366 1438 2436 AEgei,

378 2444 887 2514 tionespoetint‚pluratestnntnrexem·
929 2445 1048 2498 Threcia
1079 2447 1222 2518 oppositu
1252 2446 1329 2498 tertia
1359 2445 1439 2497 merie

377 2524 437 2595 plu,
451 2525 522 2576 inter
533 2523 659 2575 miracula
676 2535 784 2587 temen,
804 2523 856 2576 nisi
872 2543 887 2578 e
929 2523 999 2576 Ionii
1013 2525 1097 2578 iutule
1111 2539 1150 2578 eet
1164 2543 1248 2596 prope
1263 2525 1437 2596 Zacynthum.

377 2621 469 2656 rerum
481 2603 640 2656 naturalium
654 2602 832 2673 ignorie‚uou
844 2621 886 2656 re·
929 2635 970 2646 --
996 2605 1106 2657 Antra.
1132 2605 1298 2657 Athletnrum
1329 2604 1439 2656 nomine

378 2681 495 2735 lerende.
518 2679 569 2734 Sed
584 2681 714 2752 ejusmodi
727 2683 830 2736 ceribur
844 2701 887 2736 re·
929 2683 1024 2736 Pollux
1049 2685 1187 2754 gymnicos
1211 2703 1303 2738 omnes
1327 2683 1439 2754 intelligi

377 2763 494 2833 pentinie
508 2761 673 2834 praeentiam
687 2757 751 2816 Divi
760 2779 833 2815 suern
843 2761 887 2816 de·
929 2763 1084 2834 voluit,qui
1093 2777 1169 2817 runt:
1178 2765 1316 2826 παλαις-αὶ,
1326 2759 1439 2834 δρομεῖς,

378 2843 477 2894 clarore
489 2843 659 2913 putabantur.
668 2841 727 2894 lloo
738 2843 887 2914 exemplum
929 2843 1040 2905 rueret,
1054 2839 1193 2897 δισκοὸολοι
1208 2857 1234 2896 et
1257 2845 1361 2896 ἄλτικοί.
1370 2840 1439 2894 Vide

378 2941 460 2993 porro
476 2920 571 2988 donet,
592 2933 720 2993 quantum
741 2922 886 2976 abominati
930 2921 1016 2975 Plauti
1031 2920 1155 2976 Bnoehid.
1172 2924 1225 2980 111.
1245 2923 1272 2978 3.
1288 2923 1439 2976 Aristotele·

379 3003 432 3054 siut
446 3003 558 3054 Veteres
571 3002 708 3056 incestum.
930 3001 1293 3066 Rhetorte1‚iudefinit:·
1301 3003 1370 3067 Qun
1380 3021 1439 3058 tror-v

422 3101 447 3134 1.
468 3083 590 3136 Perculsa.
616 3080 721 3152 Septem
741 3079 816 3133 MS&
829 3099 887 3149 per·
930 3081 1003 3150 porie
1023 3083 1109 3134 virtue
1123 3082 1249 3135 attribute
1262 3095 1303 3135 eet
1317 3081 1439 3134 oertarui·

378 3179 455 3213 cussa.
470 3161 579 3229 Semper
593 3159 648 3211 lere
664 3160 793 3212 fluctuent
811 3159 889 3212 MSS.
929 3160 1008 3212 nibus
1024 3163 1154 3224 ‚'couetrt
1172 3159 1375 3234 magnitudine,
1395 3177 1438 3212 ro·

379 3240 448 3293 inter
461 3239 517 3291 huo
538 3235 603 3292 duo.
616 3237 730 3290 Torren.
747 3239 818 3290 fovet
837 3257 887 3290 no·
929 3238 1011 3303 bore,
1026 3241 1167 3294 oeleritete.
1183 3242 1237 3306 Qui
1254 3245 1352 3314 jactare
1367 3253 1438 3293 oerto

379 3332 459 3372 etrum
475 3318 635 3379 lectionem,
649 3329 743 3387 utpote
761 3315 833 3388 quod
855 3336 888 3370 ex
929 3317 1010 3370 modo
1023 3338 1257 3392 crumpat-mque
1272 3337 1439 3391 morerepo·

379 3399 508 3451 sententia
519 3393 686 3449 eruditorum
700 3395 801 3466 optime
809 3396 888 3468 hujus
930 3409 996 3464 teet,
1007 3417 1101 3452 cursor
1117 3413 1173 3465 ert,
1189 3401 1289 3473 quippe
1307 3399 1437 3454 oderinte

379 3479 497 3530 mulieris
519 3475 726 3529 ooueternutioni
748 3476 888 3528 conveniet
930 3477 1028 3530 velem.
1053 3479 1107 3543 Qui
1128 3491 1184 3532 tum
1206 3499 1352 3551 premere,
1383 3492 1437 3532 tum

377 3556 487 3624 perculsa
495 3577 506 3616 ,·
520 3574 601 3625 quum
617 3573 731 3624 pereussa
754 3552 888 3607 diceretur
930 3557 1082 3620 continere,
1094 3559 1117 3610 ie
1129 3572 1169 3611 eet
1180 3559 1308 3625 luotetm
1321 3559 1368 3630 qni
1382 3577 1440 3631 per·

380 3633 409 3684 in
426 3633 524 3684 leviore
544 3635 648 3687 offecto.
669 3633 757 3686 Graev.
778 3631 812 3684 ud
830 3634 886 3688 Cio.
930 3633 1054 3688 cutiendo
1067 3637 1439 3710 pellere‚pugil;quilromrn

380 3729 430 3782 pro
451 3713 537 3779 Dejot.
557 3731 614 3783 cap,
631 3717 667 3777 6,
682 3725 709 3766 et
726 3713 837 3766 Bentlei.
854 3711 887 3764 ed
930 3727 1043 3786 utroque
1056 3715 1153 3782 modo,
1163 3719 1300 3788 pmoretio
1313 3717 1451 3782 idoneum·

381 3790 473 3842 Horat.
488 3789 574 3858 Epod.
585 3793 639 3856 XI,
654 3811 678 3845 a.
930 3795 976 3864 qui
985 3793 1018 3847 ad
1029 3796 1085 3849 hoo
1092 3809 1188 3850 cuneta
1196 3810 1287 3868 uptun,
1296 3798 1440 3870 quinquer-

379 3919 381 3922 ,
423 3888 448 3920 2.
470 3869 535 3918 Huic
552 3888 670 3924 nocem...
684 3871 766 3924 donat.
781 3869 813 3924 Id
829 3883 887 3937 eet,
930 3873 999 3925 tio·
1018 3899 1055 3910 -
1068 3877 1174 3929 Verulis.
1190 3877 1244 3941 Qui
1255 3895 1321 3931 vooe
1335 3877 1376 3930 uti
1391 3895 1439 3949 po·

381 3944 887 4021 eliicuidemforttmepropitinvocem‚
932 3963 989 4004 test.

381 4040 412 4080 ut
430 4026 486 4078 lilio
508 4025 592 4078 Croesi
605 4064 614 4090 ,
633 4041 659 4080 et
682 4029 763 4081 vitem
776 4047 789 4093 ,’
807 4043 837 4082 ut
855 4049 888 4082 ex
972 4037 998 4093 4.
1016 4033 1081 4085 Viri.
1093 4033 1253 4088 Mutandum
1266 4036 1296 4088 iu
1309 4039 1439 4090 murreum

381 4103 796 4174 mortemviviscentinundonut,
804 4127 887 4180 quum
931 4111 1040 4164 Vorstio
1062 4113 1228 4182 censuerim,
1251 4135 1286 4170 ue
1312 4116 1387 4172 loom
1410 4115 1441 4170 rit
