3196 5122
351 488 458 556 CAP.
486 489 544 572 11,
571 489 640 556 DE
667 488 1050 556 FORTITUDINE.
1155 513 1224 560 uor

171 624 260 692 enim
275 645 336 716 pro
349 617 498 707 castello,
513 619 565 690 cui
577 620 772 714 praepositus
783 632 869 705 erat,
883 617 1068 706 dimicaret,
1082 621 1230 714 Cncique

172 728 318 822 Pompeii
332 724 506 822 preelectus
515 725 609 818 jussu
623 724 708 818 ejus¹
726 749 856 794 summo
869 724 977 795 studio
990 739 1023 794 ct
1037 749 1159 820 magno
1174 728 1230 794 mi·

172 833 265 902 litum
278 857 418 902 numero
430 831 472 900 ad
487 831 521 900 id
536 831 733 926 cupiendum
747 833 924 917 niteretur,
940 856 1072 918 omncs,
1085 833 1141 926 qui
1152 857 1228 928 pro·

172 942 246 1034 pius
263 952 485 1023 accesserant,
505 938 688 1024 interemit3
714 961 753 1006 ac
776 937 845 1006 sine
865 935 933 1006 ullo
958 961 1108 1032 regressu
1129 937 1229 1032 pedes

173 1069 341 1140 pugnans,
371 1069 470 1140 super
494 1045 660 1138 ingentem
682 1058 850 1140 stragem,
875 1061 974 1138 qticm
997 1045 1065 1137 ipse
1086 1042 1230 1130 fecerat,

173 1149 336 1238 corruit²3
354 1151 448 1244 cujus
469 1151 594 1245 capite,
614 1149 772 1237 humero,
793 1149 918 1234 femore
935 1149 1065 1236 saucio,
1081 1163 1115 1218 et
1132 1149 1230 1220 oculo

173 1271 282 1340 eruto,
303 1271 432 1327 scumrn
453 1270 586 1326 ceutum
599 1270 642 1336 ¹et
660 1258 775 1352 uiginti
797 1256 915 1326 ictibus
929 1255 1113 1351 perfossum
1129 1281 1230 1351 appa·

174 1349 264 1432 ruit³.
286 1363 381 1432 Tales
407 1365 441 1432 in
467 1363 581 1432 castris
607 1361 674 1430 divi
698 1361 774 1432 tulii
798 1360 971 1456 disciplina
996 1359 1113 1432 milites
1132 1361 1230 1446 aluit,

172 1495 313 1563 qtrorum
335 1469 418 1538 alter
433 1469 588 1552 dextera,
608 1466 691 1536 alter
711 1467 808 1540 oculo
828 1470 947 1538 amisso
961 1467 1110 1538 hostibus
1125 1468 1230 1538 inhae·

176 1577 217 1644 sit
238 1601 245 1643 :
265 1562 337 1644 illc.⁴
359 1589 435 1669 post
451 1575 537 1642 hene
556 1573 719 1666 jacturam
737 1576 858 1663 uictor,
876 1574 930 1644 hic
950 1598 992 1642 ne
1013 1573 1076 1642 hac
1097 1573 1230 1668 quidem

170 1681 299 1774 jectum
313 1682 430 1750 victus.

175 1873 281 1937 nuisse3
300 1897 310 1918 ι
328 1872 415 1924 Caesrr
429 1891 436 1924 :
456 1875 534 1945 «ejus
548 1891 628 1944 opera
642 1890 683 1924 ca·
726 1871 808 1942 esset?
819 1871 906 1938 Quid,
917 1871 1024 1945 quodsi
1039 1875 1230 1946 mittenturnon

175 1952 282 2004 stellum
300 1969 394 2021 magne
409 1969 441 2003 ex
457 1964 531 2022 parte
545 1971 683 2008 conserva·
726 1949 905 2022 setisquedrot
915 1949 1030 2023 ei,quod
1039 1949 1232 2022 prrecedinjus·

178 2043 250 2096 tum,
260 2028 373 2100 ideoque
382 2029 488 2084 virtutis
496 2049 559 2102 ergo
570 2031 684 2085 Soterem
726 2049 755 2082 su
768 2033 818 2101 ejus
837 2043 863 2084 et
876 2051 965 2084 summo
982 2031 1079 2083 studio!
1091 2031 1152 2084 Non
1168 2048 1232 2083 oon·

177 2109 345 2181 primipiletu
363 2110 532 2182 millibusque
554 2111 613 2164 reris
633 2109 683 2163 du·
726 2109 805 2164 cinus
825 2111 897 2164 enim
918 2109 1016 2164 dicitur
1034 2113 1104 2180 jussu
1132 2111 1231 2180 eheujus

180 2188 263 2242 centis
277 2187 420 2254 donatum,
437 2214 448 2235 ι
470 2202 607 2244 memoret.
622 2191 684 2244 Non
728 2192 791 2244 mitti
802 2201 829 2244 et
842 2210 932 2248 summo
944 2191 1023 2242 studio
1038 2193 1107 2242 mitri.
1123 2191 1232 2260 Atjusru

178 2267 259 2338 igitur
270 2279 310 2320 tot
324 2267 477 2320 vulneribus
492 2267 565 2321 obiit.
727 2269 827 2340 aheujus
842 2271 877 2322 ad
884 2269 977 2344 aliquid
983 2270 1123 2337 seruiendum
1136 2271 1194 2330 uiti,
1207 2279 1233 2321 et

223 2365 246 2398 1.
268 2345 341 2398 Jmsu
355 2350 413 2416 ejus,
437 2345 491 2400 Pro
506 2365 560 2418 quo
573 2347 602 2400 in
623 2347 688 2404 cod:
726 2349 1051 2426 summoeeudioniti‚upte
1066 2347 1201 2402 dicuntur.

178 2427 247 2478 Dan.
264 2439 290 2480 et
307 2425 381 2478 Leid.
397 2439 463 2496 sept.
485 2441 524 2480 est
535 2427 682 2490 Iustuleius,
717 2429 719 2434 ’
769 2451 794 2482 2.
817 2429 922 2482 Corruit.
944 2427 1024 2494 Quod
1042 2428 1152 2480 minime
1171 2429 1199 2480 li.
1212 2429 1230 2480 l.

178 2505 277 2558 scilicet
287 2523 385 2558 nomen
398 2505 468 2558 illius
480 2506 596 2578 preelecti
609 2506 685 2558 Pom·
726 2506 854 2578 significat
875 2521 979 2560 mortuus
999 2521 1035 2560 est
1040 2545 1048 2570 ,
1063 2506 1108 2560 sed
1124 2508 1231 2578 potius:

179 2583 445 2656 peieniquusiValer.
456 2585 618 2655 expresserit.
629 2584 685 2638 Nec
727 2585 830 2638 concidit
851 2587 1004 2640 lassitudine
1024 2606 1054 2640 ec
1079 2587 1233 2640 vulneribus

179 2677 267 2717 temen
282 2665 357 2716 lecsse
367 2681 542 2736 quemquem,
553 2664 599 2735 qui
614 2663 685 2716 istud
727 2665 870 2720 conlectus.

179 2743 293 2796 nominis
314 2743 418 2814 proprii
442 2755 589 2796 monstrum
617 2745 686 2796 serio
769 2744 795 2796 3.
817 2743 892 2815 Cujus
907 2745 1233 2817 eapite......appemit.1te

180 2820 322 2876 defendere
344 2823 429 2888 ausit,
450 2823 606 2876 exstiturum
631 2842 687 2876 erse
728 2821 855 2894 seriptum
873 2826 972 2895 reperit
983 2825 1093 2895 Pighius
1107 2825 1134 2876 iu
1148 2823 1233 2876 tribus

178 2901 328 2967 credimus,
340 2919 423 2974 quutn
439 2922 454 2955 e
467 2903 617 2966 Plutarchi,
632 2904 688 2974 Ap·
728 2900 1233 2973 codicibusmequeeliterooddfflrand.

180 2981 403 3054 pieni,Suetonii
423 2995 450 3035 et
464 2971 565 3035 Luceni
583 2982 687 3054 scriptis
729 2981 826 3052 aliique
851 2982 1008 3054 complures·
1033 2981 1162 3032 Nonnulli
1187 2981 1234 3032 he·

180 3061 248 3114 absit
260 3062 374 3133 penitus.
390 3091 431 3103 —·
451 3061 497 3114 Ac
507 3062 535 3114 id
548 3063 688 3133 emundas
730 3059 908 3113 hutsaucimn
917 3077 968 3132 pro
982 3063 1076 3121 rocem,
1089 3059 1135 3112 ulii
1143 3061 1234 3126 smine

182 3144 302 3194 niteretur.
317 3139 405 3196 codd.
419 3139 495 3195 MSS.
511 3143 589 3213 longe
604 3143 689 3212 major
729 3141 893 3211 professore.
910 3141 942 3191 In
960 3137 1117 3210 quibusdam
1139 3137 1233 3191 editio·

182 3238 244 3292 pers
271 3219 376 3273 exhihet
394 3237 402 3272 t
420 3221 455 3272 ad
475 3239 527 3273 eum
550 3221 689 3291 capiendum
729 3219 810 3272 nibus
832 3219 966 3272 veteribus
991 3231 1031 3272 est
1055 3237 1062 3271 ε
1087 3220 1154 3288 cujus
1183 3238 1235 3270 cor·

184 3302 323 3352 minentur.
344 3300 421 3352 Male.
441 3299 536 3353 Nostra
555 3301 635 3355 lectio
651 3313 690 3354 est
727 3319 775 3369 pus
790 3303 880 3369 capite,
898 3311 948 3352 etc.
968 3301 1002 3352 At
1023 3315 1114 3352 ornnes
1133 3297 1235 3350 codices

184 3378 212 3429 in
226 3379 341 3449 quinque
353 3375 431 3431 codd.
445 3379 549 3451 ipsique
567 3380 605 3433 rei
618 3381 690 3451 opri-
731 3377 1248 3450 MSS.ignoruntcorpus,etrectePigh.·

183 3475 228 3510 me
239 3458 369 3528 congruit.
380 3457 462 3525 Nam,
476 3471 507 3512 ut
521 3458 609 3531 Kepp.
619 3471 690 3514 recte
731 3459 865 3530 expunxit.
890 3459 945 3512 Cur
966 3473 1054 3512 eutem
1081 3475 1131 3528 pro
1155 3461 1237 3509 sarecto

183 3549 288 3600 mouet,
297 3537 416 3609 Pompeii
425 3539 577 3609 prefectum
588 3557 689 3594 summe
732 3538 864 3610 scripserit
875 3542 961 3600 saucii,
978 3550 1005 3591 et
1017 3551 1078 3609 post
1089 3536 1235 3588 mulcerem

184 3635 236 3688 ope
257 3617 345 3670 uisum
359 3635 433 3678 esse,
447 3629 478 3669 ut
493 3619 628 3672 castellum
646 3638 689 3672 ee·
732 3616 863 3670 addiderit
885 3621 957 3678 coeei,
983 3617 1115 3670 rationem
1135 3617 1235 3670 nullum

183 3708 276 3768 peret,
301 3697 378 3750 sicuti
401 3697 545 3768 imperator
560 3701 689 3770 jusserat,
731 3697 859 3750 ridemus.
873 3697 969 3750 Nostra
983 3698 1042 3749 lect.
1053 3709 1092 3750 est
1101 3715 1147 3760 ee,
1157 3715 1236 3768 quum

183 3775 311 3830 credibile
325 3789 372 3830 est.
386 3778 421 3828 tt
442 3777 501 3848 quis
513 3777 563 3830 sibi
582 3797 689 3850 persue-
733 3777 845 3830 Torren.
859 3779 948 3848 Kspp.
957 3789 984 3829 et
999 3776 1081 3830 Helir.
1096 3776 1125 3829 in
1136 3789 1237 3830 textum

184 3854 263 3916 dest,
293 3857 448 3927 prefectum
472 3859 545 3928 jussu
570 3857 690 3929 Pompeii
733 3871 898 3928 receperunt.

184 3935 292 3988 missum
303 3955 358 3990 esse
369 3953 465 4007 magno
474 3936 589 3989 militum
600 3955 690 3991 nume·
774 3943 800 3999 4.
822 3937 875 3989 llic.
888 3934 921 3988 Id
933 3947 984 4000 est,
997 3937 1105 3998 Acilius,
1120 3935 1166 4007 qui
1177 3947 1238 4006 post

183 4033 228 4080 ro,
243 4027 273 4068 ut
287 4013 401 4070 Sensum
417 4027 541 4088 cuperet,
561 4017 607 4088 qui
619 4017 688 4070 intre
729 4018 858 4088 jacturam
868 4013 1067 4069 manusderuae
1079 4017 1167 4068 navim
1178 4030 1239 4086 pro-

183 4095 343 4149 muuitioues
365 4109 435 4162 eret,
450 4109 476 4150 et
497 4113 576 4168 quem
596 4113 689 4168 cupere
732 4097 816 4149 fundo
839 4095 938 4150 mersit.
957 4127 997 4141 .-
1010 4096 1122 4148 lactura·
1142 4094 1236 4147 Amissi

182 4191 237 4226 uon
255 4187 373 4246 poteret,
396 4177 448 4230 uisi
467 4177 574 4232 mutto
587 4177 688 4248 potitus
732 4177 810 4230 oculi.
824 4209 863 4220 »-
874 4177 932 4230 Hic.
949 4174 981 4229 ld
994 4189 1048 4242 eet,
1067 4175 1170 4240 Scaevu,
1191 4173 1239 4244 qui
