3190 5122
307 435 309 438 ’
403 443 478 516 308
611 436 830 508 vsuuuu
861 435 1066 504 maxum
1100 435 1196 504 Lm.
1221 436 1287 504 ιν.

402 572 590 648 Corneliam
608 573 719 642 nescio
736 583 847 638 utrum
871 567 1050 638 feliciorem
1070 567 1227 654 dixerim,
1247 565 1340 661 quod
1361 565 1463 640 talem

401 685 508 751 virum
538 679 708 762 habuerit,
732 701 775 744 an
800 675 1018 760 miseriorem,
1044 672 1134 768 quod
1163 674 1315 742 arraserit.
1350 674 1383 742 Ο
1411 689 1462 761 te,

400 783 575 858 Thessalia
593 808 666 868 rex,
681 781 820 880 Admete
830 779 852 868 ¹,
863 779 1004 848 crudelis
1024 793 1058 848 et
1077 779 1139 848 diri
1157 779 1235 848 facti
1250 780 1388 853 crimine
1399 781 1463 850 sub

401 917 523 988 magno
538 889 649 984 judice
667 881 873 958 damnatum!
892 887 948 980 qui
969 885 1118 978 conjugis
1136 899 1201 953 tuae
1219 885 1286 953 fata
1312 909 1374 979 pro
1396 888 1462 955 tuis

400 998 582 1094 permutari
603 1019 717 1090 passus
732 1017 784 1080 es,
802 1015 922 1086 eaque,
937 1015 979 1059 ne
1000 1005 1036 1059 tu
1053 991 1321 1084 exstinguerens,
1337 989 1461 1060 volun-

400 1107 487 1173 tario
508 1103 600 1172 obitu
622 1113 839 1192 cousumpta,
863 1095 969 1166 lucem
994 1097 1114 1166 intueri
1143 1091 1297 1190 potuisti!
1319 1111 1354 1166 et
1370 1113 1461 1167 certe

398 1213 492 1306 prius
507 1221 679 1304 parentum
698 1201 934 1300 indulgentiam
953 1215 1158 1290 tentaveras,
1185 1203 1327 1272 femineo
1348 1205 1459 1274 animo

399 1319 507 1412 impar
525 1317 677 1382 inventus
685 1309 705 1379 ².

456 1447 487 1490 a.
516 1419 624 1488 Vilior
648 1415 803 1486 Graccho
825 1417 944 1510 iniquae
971 1415 1112 1484 fortuna
1133 1414 1286 1498 victima,
1306 1417 1462 1508 quamvis

399 1527 553 1598 senatorii
568 1526 620 1592 vir
638 1522 761 1592 ordinis
774 1523 812 1590 C.
827 1521 972 1590 Plautius
994 1519 1155 1606 Numida,
1169 1519 1226 1588 sed
1246 1521 1280 1589 in
1296 1520 1461 1591 consimili

399 1657 513 1703 amore
532 1653 592 1725 par
607 1627 808 1724 exemplum3
830 1641 937 1696 morte
955 1628 1043 1695 enim
1061 1627 1171 1694 uxoris
1188 1625 1314 1714 audita,
1330 1625 1461 1696 doloris

398 1743 577 1834 impotens,
589 1749 704 1830 pectus
718 1758 813 1804 suum
827 1731 934 1828 gladio
949 1733 1125 1827 percussit;
1140 1733 1326 1800 interventu
1338 1731 1461 1802 deinde

398 1845 655 1915 domesticorum
667 1841 834 1935 inceptum
846 1839 976 1932 exsequi
990 1823 1459 1932 prolribitus,colligatusque³,

398 1967 438 2021 ut
458 1953 601 2046 primum
624 1947 753 2016 occasio
776 1944 853 2014 data
883 1959 949 2026 est,
976 1945 1082 2012 scissis
1107 1942 1234 2030 fasciis,
1262 1959 1296 2013 et
1321 1942 1459 2012 vulnere

399 2055 550 2140 divulso,
563 2054 726 2123 constanti
741 2051 874 2120 dextera
892 2051 1042 2146 spiritum
1058 2047 1165 2118 luctus
1184 2049 1362 2139 acerbitate
1383 2075 1459 2144 per·

399 2166 538 2232 mixtum
558 2185 598 2228 ex
617 2161 695 2253 ipsis
714 2155 901 2252 praecordiis
918 2170 952 2224 et
970 2155 1148 2224 visceribus
1161 2154 1288 2242 haustu
1299 2170 1368 2224 tam
1386 2158 1456 2226 vio·

398 2267 487 2338 lenta
508 2279 614 2334 morte
632 2278 788 2348 testatus,
804 2276 963 2356 quantum
986 2259 1143 2332 maritalis
1161 2261 1301 2330 flammas
1321 2259 1378 2330 illo
1397 2287 1458 2357 pe-

399 2389 491 2444 ctore
513 2370 660 2440 clausum
678 2367 855 2436 habuisset.
1311 2397 1314 2402 ·

456 2477 489 2548 3.
504 2473 659 2568 Ejusdem
670 2487 707 2542 ut
719 2474 932 2560 nominis,ita
947 2471 1067 2542 amoris
1080 2495 1212 2567 quoque
1223 2474 1271 2542 Μ.
1281 2461 1458 2563 Plautius⁴3

400 2608 478 2654 nam
497 2605 600 2678 quum
627 2581 763 2674 imperio
795 2593 926 2648 senatus
945 2577 1083 2648 classem
1106 2580 1272 2648 sociorum
1291 2583 1461 2674 sexaginta

401 2772 542 2848 quodcum
554 2770 600 2822 illo
610 2769 697 2822 statim
707 2769 848 2822 exstinctus
858 2767 907 2832 sit,
951 2768 1021 2821 enim
1038 2786 1086 2821 nse
1101 2787 1151 2840 pro
1167 2780 1322 2840 parentum,
1340 2771 1460 2843 conjugis

400 2853 447 2909 sed
461 2851 622 2926 quodpsulo
633 2862 693 2921 post
706 2867 733 2902 se
748 2849 908 2902 moriturum
950 2860 977 2900 et
996 2848 1142 2900 amicornm
1162 2849 1258 2914 salute,
1277 2867 1344 2920 quos
1361 2867 1412 2920 pro
1430 2869 1460 2903 se

399 2955 432 2989 ex
446 2949 544 3004 augure
557 2929 692 2982 didicerat.
950 2927 1019 2978 mori
1028 2927 1226 2994 sollicitaverat,
1238 2947 1288 2980 nec
1296 2947 1346 2999 pro
1356 2947 1403 2981 sua
1410 2948 1459 2983 ne-

444 3033 468 3066 1.
479 3011 589 3065 Admone.
601 3011 626 3061 ls
637 3027 719 3080 quum
731 3007 803 3077 gravi
813 3007 907 3060 morbo
950 3005 1079 3074 cessitate,
1090 3025 1173 3078 Qum
1182 3007 1337 3061 semelesset
1345 3008 1460 3062 morien·

400 3091 609 3152 conflictantur,
625 3087 775 3158 Apollinem
791 3084 825 3138 de
841 3087 908 3138 salu·
949 3083 1028 3150 dum,
1043 3086 1110 3138 mori
1124 3086 1216 3140 voluit.

400 3185 428 3226 te
449 3169 588 3224 consuluit.
609 3167 773 3238 Responsum
794 3178 832 3218 est
851 3166 906 3231 illi,
984 3165 1009 3218 ³.
1027 3165 1212 3238 Colligatmque.
1232 3165 1375 3238 Colligstus
1390 3165 1458 3220 dici·

398 3251 436 3304 ita
450 3251 539 3305 vivere
562 3247 648 3318 ipsum
665 3264 756 3317 posse,
778 3247 800 3298 si
814 3264 906 3315 quem·
949 3255 1005 3309 tur,
1028 3245 1089 3316 quia
1111 3247 1219 3310 vulnus,
1240 3245 1312 3316 quod
1334 3248 1391 3318 ipss
1406 3247 1458 3307 sibi

398 3331 470 3401 piam
485 3327 627 3392 inveniret,
641 3325 686 3396 qui
700 3325 767 3376 mori
783 3343 832 3394 pro
848 3325 905 3395 ipso
949 3323 1083 3390 intulerat,
1109 3323 1291 3378 adomesticis
1312 3327 1459 3397 obligatum

398 3409 485 3462 vellet.
495 3406 613 3460 Tentstis
623 3404 703 3476 igitur
712 3404 834 3456 omnibus
843 3421 906 3473 pro·
949 3403 1007 3456 luit.
1024 3404 1122 3456 Dicunt
1134 3417 1160 3457 et
1170 3405 1271 3473 allapsu
1282 3405 1377 3458 aulam.
1387 3404 1460 3458 Vide

398 3487 518 3559 pinquis,
528 3485 632 3547 amieis,
647 3484 787 3536 clientibus
802 3495 828 3534 et
844 3483 906 3554 ipsis
948 3483 1045 3536 Junin.
1063 3484 1125 3548 XV,
1142 3485 1175 3549 3,
1191 3485 1235 3538 13.
1256 3483 1341 3536 Simili
1352 3485 1460 3538 ratione

399 3565 513 3635 denique
527 3565 621 3630 servis,
635 3564 688 3614 sols
705 3563 905 3627 monimenta,
949 3561 1014 3616 Cato
1037 3563 1167 3616 Uticensis
1192 3563 1324 3634 inceptum
1348 3565 1461 3634 exsequi

398 3663 457 3718 qun
473 3661 522 3715 pro
536 3661 568 3696 eo
584 3655 696 3696 mortem
714 3641 802 3694 subire
819 3643 904 3694 vellet.
948 3643 1036 3712 primo
1046 3643 1119 3694 esuis
1132 3641 1459 3714 estimpeditns,quorum

397 3726 503 3778 Nomen
519 3721 581 3774 buic
595 3723 700 3776 Alcestis
706 3742 716 3782 ,·
735 3721 837 3792 luitque
855 3720 905 3773 Pe·
948 3732 1035 3772 tamen
1047 3722 1169 3792 precibus
1185 3741 1238 3774 nou
1253 3723 1338 3776 cessit.
1351 3755 1392 3766 —
1403 3723 1461 3776 Fa·

395 3806 454 3870 lies,
475 3801 612 3854 Thessalis
633 3803 718 3873 regis,
745 3801 807 3852 filia,
831 3801 905 3853 Hanc
947 3803 1010 3852 scir's.
1024 3801 1297 3871 Linteisobligsculis.

396 3885 472 3936 Plato
487 3901 500 3933 s
515 3881 572 3933 Diis
580 3881 771 3934 immortalibus
780 3881 905 3932 meruisse
991 3887 1015 3942 4.
1029 3880 1142 3950 Ejusdem
1145 3919 1210 3934 .......
1212 3881 1249 3933 M.
1257 3881 1379 3934 Plautius.
1389 3881 1462 3935 Con·

396 3963 522 4024 affirmat,
540 3973 569 4012 ut
585 3961 617 4012 ab
632 3961 722 4013 inseris
738 3973 905 4014 revocaretur
949 3959 1006 4029 tigit
1013 3960 1063 4011 lroc
1071 3961 1265 4012 conlectobello
1272 3958 1461 4026 macedonico,

396 4039 430 4096 sd
443 4057 559 4110 superos.
948 4057 1001 4110 quo
1018 4039 1127 4090 uoniam·
1144 4039 1246 4091 auxiliis
1263 4041 1345 4104 Asin,
1365 4053 1463 4112 utpote

438 4139 463 4172 s.
478 4120 591 4172 Femineo
603 4157 625 4171 ..
635 4157 641 4172 .
653 4122 765 4172 mantus.
777 4113 904 4171 Admetus
947 4117 1093 4185 sociorum,
1109 4119 1149 4172 usi
1164 4119 1275 4176 luerent.
