3190 5122
386 474 461 546 310
587 467 811 540 VALERII
845 468 1051 537 MAXIMI
1085 468 1182 536 LIB.
1217 465 1282 536 lv.

385 633 455 678 non
484 617 588 688 esset,
610 605 637 672 si
658 602 794 672 Caesaris
823 615 857 668 et
882 600 1030 694 Pompeii
1058 597 1236 668 concordia
1263 602 1452 669 communis

387 712 557 806 sanguinis
575 707 708 778 vinculo
727 708 906 778 constricta
923 707 1102 776 mansisset.

445 817 476 888 5.
500 819 590 886 Tuos
604 839 735 910 quoque
757 815 953 888 castissimos
968 815 1082 906 ignes,
1095 811 1226 896 Porcia,
1241 813 1290 878 M.
1313 813 1453 884 Catonis

388 923 474 1011 filia,
486 937 605 994 cuncta
617 921 727 990 secula
740 920 851 990 debita
863 919 1079 988 admiratione
1094 916 1452 1012 prosequentur¹,quae

389 1055 492 1125 quum
504 1029 593 1124 apud
604 1026 774 1123 Philippos
788 1023 930 1096 victum²
941 1040 975 1094 et
988 1027 1223 1119 interemptum
1234 1023 1344 1092 virum
1357 1037 1450 1092 tuum

389 1141 529 1206 Brutum
547 1158 783 1229 cognosceres,
800 1134 877 1228 quia
897 1133 1021 1200 ferrum
1040 1155 1108 1200 non
1128 1130 1286 1216 dabatur,
1300 1129 1451 1198 ardentes

391 1268 449 1313 ore
467 1242 626 1311 carbones
647 1241 780 1310 haurire
799 1265 866 1308 non
881 1239 1056 1324 dubitasti,
1070 1235 1221 1306 muliebri
1237 1237 1353 1329 spiritu
1370 1238 1451 1304 viri-

390 1348 456 1418 lem
477 1350 578 1443 patris
596 1348 719 1416 exitum
733 1348 875 1429 imitata;
890 1345 948 1414 sed
958 1345 1068 1414 nescio
1082 1369 1125 1412 an
1140 1343 1206 1412 hoc
1222 1341 1451 1436 fortius,quod

390 1453 445 1524 illc
469 1456 607 1540 usitato,
626 1468 663 1522 tu
680 1478 768 1522 novo
788 1477 907 1548 genere
930 1453 1044 1524 mortis
1065 1451 1242 1544 absumpta
1258 1473 1300 1517 es.

446 1639 495 1691 DE
515 1635 640 1689 AMORE
661 1633 880 1700 CONJUGALI,
901 1633 1202 1688 CUJUS'EXEMPLA
1223 1631 1394 1684 EXTERNA.

451 1805 480 1858 1.
504 1783 590 1850 Sunt
611 1765 662 1848 et³
684 1777 856 1874 alienigeni
878 1802 1006 1848 amores
1021 1777 1118 1870 justi,
1140 1777 1336 1846 obscuritate
1354 1777 1452 1870 igno·

393 1889 509 1956 rantiae
534 1911 602 1955 non
624 1887 734 1958 obruti
757 1885 943 1979 :equibus
969 1907 1093 1979 paucos
1120 1884 1264 1976 attigisse
1281 1883 1358 1952 satis
1379 1884 1452 1950 erit.

380 1995 512 2063 Gentis
533 1995 640 2062 Cariae
667 1993 781 2087 regina
800 1991 975 2060 Artemisia
1003 1991 1113 2060 virum
1142 2015 1239 2058 suum
1265 1987 1453 2057 Mausolum

395 2099 464 2169 fato
489 2101 702 2194 absumptum
730 2113 934 2192 quantopere
955 2095 1169 2184 desiderarit,
1187 2094 1259 2164 leve
1281 2083 1364 2182 est⁴,
1381 2107 1455 2188 post

395 2206 654 2299 conquisitorum
681 2206 787 2274 omnis
815 2205 943 2298 generis
972 2203 1160 2290 honorum,
1186 2203 1456 2294 monumentique

394 2335 499 2403 usque
515 2311 557 2378 ad
577 2325 701 2404 septem
717 2310 876 2380 miracula
893 2311 1042 2404 provecti
1056 2307 1354 2403 magnificentiam,
1367 2331 1458 2401 argn-

396 2417 545 2484 mentari.
569 2415 660 2504 Quid
678 2417 764 2484 enim
786 2431 843 2486 aut
858 2441 913 2485 eos
932 2401 1098 2510 colligas⁵,
1120 2429 1178 2484 aut
1198 2415 1239 2484 de
1257 2413 1313 2482 illo
1337 2413 1459 2506 inclyto

396 2519 525 2588 tumulo
543 2519 695 2614 loquare,
713 2545 816 2614 quum
834 2523 905 2615 ipsa
922 2521 1064 2592 Mausoli
1078 2523 1190 2590 vivum
1209 2546 1248 2590 ac
1265 2523 1394 2614 spirans
1410 2544 1457 2588 se·

399 2746 438 2756 -
455 2712 590 2765 Communis
600 2717 722 2784 sanguinis
731 2715 907 2768 circadam·
993 2724 1018 2780 4.
1032 2715 1092 2768 Leve
1106 2729 1148 2768 est.
1166 2715 1252 2768 Facile
1265 2726 1304 2768 est
1317 2714 1459 2768 intellectu.

398 2793 489 2846 nitate.
951 2826 990 2836 -
1003 2797 1072 2848 Post.
1086 2795 1196 2866 Elegans
1212 2813 1273 2846 usus
1286 2795 1387 2846 voculae
1392 2806 1459 2864 post,

443 2893 466 2926 1.
486 2873 550 2924 Tuos
560 2910 615 2926 ......
621 2883 798 2942 prosequentur.
810 2875 859 2925 An.
872 2875 907 2925 U.
952 2886 982 2926 ut
996 2893 1100 2927 causam
1112 2873 1252 2945 significet,
1269 2893 1302 2926 ex
1317 2891 1370 2944 qua
1387 2873 1462 2925 colli·

401 2971 454 3023 711
465 2952 583 3023 Dionys.
590 2959 636 3021 473
646 2952 778 3004 Plutarch.
787 2953 813 3004 in
819 2953 908 3018 Brut.;
951 2973 1012 3023 gere
1019 2953 1119 3024 aliquid
1130 2955 1215 3006 bceet.
1224 2951 1267 3004 Sic
1277 2953 1358 3005 babet
1363 2953 1425 3004 salt.
1434 2951 1462 3003 in

399 3031 512 3103 Appian.
528 3029 592 3084 Bell.
610 3031 668 3084 civ.
680 3031 732 3084 IV.
952 3033 982 3084 B.
991 3033 1007 3084 J
1011 3073 1032 3097 .,
1043 3047 1099 3103 post
1111 3032 1298 3102 magnitudinem
1309 3035 1411 3083 nominis
1422 3051 1462 3082 ro·
1482 3056 1484 3059 ·
1592 3009 1593 3014 .

443 3131 469 3164 a.
487 3111 592 3163 Victum.
608 3110 650 3162 Ab
661 3110 777 3164 Antonio
790 3123 816 3164 et
830 3111 909 3164 Octa·
937 3115 1034 3172 ‘mani5
1049 3113 1086 3164 sic
1099 3111 1198 3164 Justin.
1209 3113 1235 3174 Ι,
1250 3114 1282 3174 6,
1294 3125 1352 3182 poet
1367 3115 1464 3162 neemi-

400 3191 487 3244 viano.
501 3223 541 3234 --
552 3189 910 3258 Ardentes....debitarti,Vide
954 3191 1172 3262 tatempogaandi,
1183 3188 1272 3254 idest,
1288 3191 1350 3261 quia
1359 3209 1463 3244 neeesse

401 3288 481 3340 supra
488 3270 543 3332 ΙΙΙ,
558 3276 649 3333 ar,4;
664 3281 690 3320 et
702 3269 759 3334 ΙΙΙ,
774 3289 803 3336 a,
819 3267 862 3321 15.
871 3299 910 3310 -·
953 3270 1012 3323 tuit.
1024 3271 1273 3340 -Monamentiqun
1284 3271 1462 3322 Scilidanso·

401 3351 486 3401 Patris
506 3353 602 3400 exitum.
624 3349 726 3419 Nempe
744 3349 783 3402 M.
804 3349 911 3402 Catonis
952 3347 1085 3420 lei,quod
1093 3349 1217 3403 describit
1226 3349 1294 3407 Plio.
1304 3351 1364 3402 loeo
1373 3350 1461 3402 citato.

402 3429 542 3484 Uticensis.
954 3429 1076 3500 Quinque
1101 3429 1307 3500 praestantissimi
1335 3429 1464 3492 artifices,

444 3507 469 3559 3.
480 3507 557 3572 Sunt,
570 3519 621 3558 etc.
638 3504 708 3558 Vide
724 3506 792 3560 Gell.
804 3507 842 3570 X,
862 3509 910 3573 ιθ,
954 3507 1061 3578 Scopas,
1079 3509 1193 3573 Briaxis,
1209 3509 1376 3572 Timotheus,
1393 3510 1465 3560 leo·

403 3585 458 3638 Cic.
476 3587 553 3638 Tusc.
570 3586 624 3650 ΠΙ,
648 3585 679 3652 3,
694 3585 799 3639 Vitruv.
815 3587 860 3650 11,
877 3607 910 3654 93
954 3587 1044 3640 chares
1063 3601 1088 3640 et
1107 3588 1213 3659 Pythis,
1235 3586 1302 3640 illud
1320 3587 1384 3640 mira
1406 3600 1467 3640 arte

403 3665 472 3717 Plin.
482 3665 588 3728 XXVI,
600 3665 625 3716 5.
636 3695 677 3706 -
686 3666 788 3718 Amores
792 3670 862 3736 justi.
879 3669 910 3718 ln
954 3666 1122 3720 construxere
1137 3668 1164 3719 in
1177 3665 1343 3722 altitudinem
1354 3667 1467 3739 triginta

402 3741 481 3798 codd.
498 3745 599 3815 aliquot
610 3749 697 3796 amoris
709 3749 796 3797 emeres
805 3751 854 3798 usti
860 3782 868 3809 ,
883 3747 911 3798 in
954 3747 1071 3818 quinque
1082 3749 1163 3801 cubit.
1175 3759 1201 3799 et
1212 3749 1352 3802 cinxerunt
1365 3749 1468 3800 oolam·

404 3841 473 3894 quo,
489 3843 648 3894 quamquam
657 3823 824 3890 duriuscule,
832 3825 911 3878 Vale·
954 3827 995 3878 nis
1004 3827 1111 3898 triginta
1119 3846 1177 3881 sen:
1187 3840 1243 3880 toto
1253 3827 1466 3880 circuitubabuit

404 3904 476 3958 rium
497 3915 583 3956 tamen
605 3905 710 3974 agnovit
730 3905 843 3976 Lipsius.
859 3903 911 3958 Sed
954 3904 1034 3976 pedes
1050 3905 1257 3979 quadringentos
1271 3905 1406 3960 undecim.
1420 3907 1467 3957 In·

403 3982 472 4035 nihil
478 3981 644 4038 mutandum.
653 3986 762 4038 Amores
766 3985 829 4056 justi
837 3999 912 4050 sunt,
955 3997 994 4038 ter
1004 3989 1104 4058 septem
1115 3987 1187 4041 orbis
1199 3999 1330 4040 terrarum
1345 3983 1467 4038 miranda

405 4065 447 4130 qui
460 4083 490 4113 ee
505 4064 570 4133 justo
584 4066 727 4116 matrimonii
744 4066 840 4116 vincalo
851 4083 910 4134 pru·
953 4067 1064 4120 selatum
1080 4079 1127 4120 est.

403 4137 552 4210 ficiscuntur,
564 4161 593 4195 ac
600 4141 653 4216 fide
660 4143 782 4214 conjugali
792 4147 908 4198 nituntur.
997 4147 1023 4200 5.
1035 4147 1103 4218 Quid
1111 4149 1172 4200 enim
1184 4160 1228 4200 aut
1236 4167 1274 4200 eor
1285 4145 1401 4216 colligas,
1410 4144 1468 4199 scil.
