3184 5132
385 515 434 612 76
584 515 815 584 VALERII
849 515 1056 582 MAXIMI
1091 516 1188 583 LlB.
1222 516 1250 582 1.

383 650 471 718 biam
490 671 558 742 prae
571 671 606 716 sc
618 649 774 742 appetitae
789 645 938 716 clarioris
954 645 1041 718 sedis
1056 645 1261 716 alacritatem
1275 646 1403 732 ferens,
1414 647 1463 718 ad

382 757 552 824 triremem
565 755 751 822 Romanam
763 755 929 848 perrexit:
941 753 1205 849 paventibusque
1213 755 1369 824 inusitato
1382 779 1462 849 spe-

383 857 514 930 ctaculo
532 861 656 948 nautis,
674 885 715 930 eo
733 859 943 948 conscendit,
965 860 1022 928 ubi
1040 861 1082 950 Q
1105 858 1261 955 Ogulnii¹
1285 859 1383 954 legati
1402 875 1460 928 ta-

385 964 602 1036 bernaculum
617 981 705 1052 erat,
722 969 822 1062 inque
840 965 1055 1062 multiplicem
1076 966 1192 1036 orbem
1211 991 1272 1062 per
1290 991 1459 1036 summam

385 1074 529 1166 quietem
551 1085 601 1142 est
615 1073 822 1144 convolutus.
838 1076 925 1142 Tum
946 1072 1212 1169 legati,pcrinde
1232 1087 1330 1168 atque
1349 1097 1459 1167 exop·
1576 1065 1577 1070 ¹

385 1192 461 1248 tatae
486 1181 534 1248 rei
559 1195 750 1275 compotes,
772 1179 902 1274 expleta
920 1182 1102 1274 gratiarum
1119 1181 1248 1249 actione
1257 1176 1279 1264 ²,
1298 1177 1459 1274 cultuque

384 1285 501 1380 anguis
512 1309 531 1354 a
542 1287 656 1381 peritis
667 1301 824 1381 accepto,
840 1285 904 1356 laeti
919 1286 995 1355 inde
1010 1285 1197 1356 solverunt:
1212 1310 1251 1356 ac
1261 1309 1458 1380 prosperam

385 1392 510 1460 emensi
534 1394 778 1488 navigationem
800 1407 977 1489 postquam
999 1394 1135 1462 Antium
1161 1389 1379 1486 appulerunt,
1396 1417 1458 1460 an-

387 1499 476 1592 guis,
496 1500 552 1592 qui
571 1499 695 1592 ubique
713 1501 746 1568 in
767 1501 898 1594 navigio
914 1514 1134 1586 remanserat,
1152 1495 1326 1594 prolapsus
1344 1499 1378 1566 ia
1399 1523 1457 1566 ve·

386 1602 509 1674 stibulo
527 1604 604 1674 aedis
618 1591 825 1700 AEsculapii³,
842 1621 951 1700 myrto
970 1605 1196 1702 frequentibus
1210 1607 1310 1674 ramis
1325 1603 1458 1673 diliusae

385 1712 684 1804 supereminentem
706 1711 842 1784 excelsoe
861 1711 1095 1808 magnitudinis
1114 1710 1259 1807 palmam
1277 1709 1459 1779 circumde-

385 1815 457 1884 dit:
477 1841 602 1913 perque
620 1833 686 1890 tres
703 1818 772 1896 dies
794 1821 927 1914 positis,
948 1805 1087 1914 quibus⁴
1109 1819 1198 1888 vesci
1221 1815 1368 1903 solebat,
1387 1842 1456 1886 nou

385 1924 455 1992 sine
476 1948 598 2020 magno
614 1941 704 1996 metu
726 1925 928 2022 legatorum,
947 1951 989 1994 ne
1007 1925 1083 1994 inde
1098 1927 1132 1993 in
1150 1926 1317 1994 triremem
1334 1925 1457 1992 reverti

384 2029 506 2116 nollet,
524 2033 680 2101 anticnsis
699 2032 813 2128 templi
833 2033 977 2126 hospitio
998 2056 1098 2116 usus,
1112 2031 1187 2100 urbi
1207 2055 1241 2100 se
1261 2044 1384 2098 nostrae
1397 2029 1454 2098 ad·

386 2136 575 2204 vehendum
596 2141 754 2222 restituit,
777 2153 876 2232 atque
894 2141 928 2207 in
943 2140 1048 2234 ripam
1069 2138 1196 2206 Tiberis
1215 2137 1353 2232 egressis
1368 2134 1453 2230 lega·

385 2242 449 2328 tis,
471 2243 505 2309 in
531 2241 692 2329 insulam,
717 2245 774 2312 ubi
799 2243 958 2339 templum
985 2244 1130 2314 dicatum
1153 2258 1220 2330 est,
1244 2243 1453 2312 transnavit:

387 2421 461 2494 quod
474 2426 611 2495 proprium
625 2424 659 2478 de
675 2439 804 2497 serpente.
817 2428 897 2480 cont.
943 2440 1044 2499 gauter.
1059 2429 1099 2482 Its
1111 2441 1138 2482 et
1152 2429 1208 2481 Cic.
1223 2425 1257 2480 di
1266 2426 1341 2478 Orat.
1355 2428 1384 2479 1:
1394 2427 1455 2492 Dis-

388 2501 469 2554 Orid.
486 2503 550 2558 Met.
571 2505 634 2568 XV,
651 2505 725 2574 μὴ
746 2506 822 2576 Virg.
837 2510 897 2561 AEn.
937 2511 999 2576 sura
1013 2513 1085 2560 ramis
1097 2509 1189 2579 patulis
1198 2507 1329 2578 plateam
1343 2525 1375 2560 ac
1385 2505 1454 2558 Plin.

388 2583 441 2648 XI,
456 2585 898 2652 154.-Harsddirbrirm.....serens.
943 2581 1455 2660 xlt‚51:lpsasesempersmm(ficusl

388 2661 489 2732 Anguis
498 2663 592 2716 leniter
604 2683 631 2716 se
640 2683 749 2718 movens
758 2677 838 2736 atque
847 2666 899 2719 ala·
942 2671 1020 2718 vestu
1033 2668 1180 2734 defswrditur
1193 2669 1274 2718 mnis.

389 2742 510 2794 critatem
523 2762 578 2814 pru
591 2763 618 2796 se
632 2745 719 2798 ferens
731 2743 860 2810 ostendit,
875 2766 900 2796 se
984 2753 1011 2810 4.
1023 2747 1125 2808 Positis,
1139 2745 1235 2819 quibus,
1255 2744 1310 2798 scil.
1323 2745 1398 2798 cibis.
1415 2777 1455 2788 -

389 2835 499 2892 appetere
507 2823 583 2876 sedem
594 2825 731 2887 clariorem,
746 2826 763 2878 i.
776 2844 799 2879 e.
811 2827 899 2879 sello-
943 2825 1123 2880 Adiciendum.
1136 2826 1178 2892 Sic
1186 2826 1299 2878 Torren.
1308 2825 1454 2896 rescripsit,

389 2921 459 2955 mam
476 2903 601 2975 preferre
614 2903 759 2978 Epidauro.
943 2925 1027 2976 quum
1043 2906 1071 2958 in
1090 2906 1222 2978 plerisque
1241 2903 1301 2958 edd.
1323 2903 1454 2976 disJ'uacte

432 3002 457 3035 s.
473 2985 505 3054 Q.
523 2985 633 3054 Ogulnii.
648 2987 688 3038 De
696 3004 760 3038 vero
771 2983 850 3058 bajus
863 2985 900 3038 le·
942 2985 1074 3056 legeretur
1088 2986 1123 3037 ad
1135 2985 1276 3038 vehendus.
1288 3015 1328 3026 -
1344 2985 1375 3036 In
1389 2988 1454 3036 insu

388 3063 618 3132 garinominenon
628 3066 808 3128 satisconstst,
817 3083 900 3136 quum
944 3065 1001 3120 lam.
1014 3066 1099 3137 Supra
1111 3077 1221 3138 pontem
1236 3063 1386 3118 Pslatinum
1399 3064 1455 3116 lanc

388 3139 467 3194 codd.
481 3139 627 3196 admodum
640 3145 757 3209 varient,
770 3157 800 3197 ut
813 3145 840 3197 in
855 3164 901 3198 no·
944 3146 1022 3196 iruulu
1039 3146 1139 3197 tiberina
1155 3157 1211 3198 eret
1229 3145 1291 3209 sita,
1309 3145 1384 3216 cujus
1400 3144 1454 3202 bne

389 3221 506 3274 minibus
518 3223 631 3294 propriis
642 3224 758 3294 sepelit.
770 3222 853 3276 Modo
866 3225 899 3294 Q.
944 3225 1019 3296 origo
1028 3225 1184 3296 perbihetur
1193 3243 1199 3278 ι
1207 3225 1285 3278 Pulso
1293 3223 1452 3295 Tarquinio,

392 3302 509 3371 Ogulnii,
530 3303 631 3371 Ugolr'ni
645 3314 670 3352 et
687 3301 801 3372 Ogoliui,
819 3303 901 3356 modo
944 3318 1074 3376 quantum
1091 3305 1119 3358 in
1132 3323 1226 3376 campo
1242 3303 1357 3357 tiberino
1368 3303 1454 3356 suerst

395 3383 523 3452 Teogulini
542 3395 568 3435 et
590 3383 622 3453 Q.
641 3381 753 3451 Burgoni
773 3383 901 3455 scriptum
943 3383 1089 3448 frumenti,
1112 3385 1209 3438 auferri
1231 3395 1335 3437 senatus
1354 3381 1453 3436 nemini

388 3463 529 3532 reperitur.
944 3465 1077 3534 permisit,
1087 3483 1181 3518 verum
1194 3476 1225 3516 ut
1235 3463 1407 3526 exsecrabile,
1413 3464 1453 3534 js·

432 3561 457 3594 s.
470 3543 612 3594 Crudarum
621 3545 721 3594 actiom.
733 3543 811 3596 Cous.
821 3541 900 3595 ovid.
944 3542 1068 3596 ciendum
1082 3544 1111 3596 in
1127 3543 1227 3597 flumen
1242 3561 1312 3610 esse,
1328 3540 1453 3596 decrerit.

388 3619 496 3673 Metam.
518 3623 579 3687 XV,
592 3627 663 3688 622,
680 3623 746 3691 695.
759 3653 800 3664 --
814 3621 901 3675 Cultu·
944 3621 1025 3688 Quod
1038 3641 1121 3694 quum
1134 3625 1230 3678 estivis
1244 3622 1375 3676 caloribus
1389 3634 1455 3674 esset

390 3719 478 3771 que....
486 3715 589 3772 accepto.
605 3705 722 3774 Aperitis
735 3703 835 3756 scilicet
849 3703 902 3754 cul·
944 3704 1022 3756 solito
1032 3704 1174 3771 humilius,
1186 3703 1267 3775 palen
1278 3699 1362 3756 tundo
1370 3699 1455 3754 adbo-

389 3792 428 3830 tus
441 3780 510 3847 qiu:
524 3780 551 3833 id
560 3781 633 3853 quod
645 3781 743 3837 diserte
757 3780 819 3835 addi
834 3783 901 3836 nibil
944 3797 1032 3838 rentes
1058 3785 1204 3855 limumque
1228 3783 1353 3836 fluctibus
1376 3779 1455 3834 sdve-

390 3858 525 3910 attinebat.
944 3876 1017 3917 ctum
1045 3865 1217 3937 excipientes,
1245 3863 1315 3915 hano
1341 3862 1461 3914 insulem*

434 3939 459 3991 3.
477 3937 625 4010 AEsculapii.
641 3939 809 4008 Notandum,
828 3939 900 4014 quod
944 3945 1081 4015 paullatim
1103 3945 1223 3998 effecere.
1246 3942 1336 4016 Opera
1357 3937 1455 3994 deinde

390 4017 588 4071 Ovidllletsm.
597 4019 659 4087 XV,
671 4041 724 4091 7²1
735 4017 813 4088 dicit,
824 4022 901 4094 Apol·
943 4023 1084 4076 bominum
1095 4025 1194 4078 iactum
1208 4042 1262 4077 esse
1274 4023 1401 4094 opinetur
1412 4019 1458 4071 Li·

391 4100 446 4150 liuis
471 4098 599 4170 templum
625 4101 711 4172 ipsum
738 4100 839 4156 adiisse.
860 4134 901 4146 -
944 4103 1016 4166 vius,
1029 4117 1058 4156 ut
1067 4106 1122 4174 ejus
1131 4123 1191 4156 urea
1200 4104 1277 4156 firma
1287 4101 1455 4166 esset,etism

391 4177 652 4251 ‚llyrto....dissusoe.
673 4179 824 4235 Admodum
847 4182 900 4234 ele·
944 4179 978 4233 ad
1001 4183 1118 4236 Deorum
1141 4184 1239 4254 templa
1261 4177 1453 4236 sustinendum.
