3196 5122
386 485 495 554 cnr.
523 486 610 566 111,
639 485 709 552 nn
737 454 1056 578 rauranum(
1172 489 1247 560 213

182 619 279 687 donis
293 616 404 686 officio
419 617 627 710 fungeretur,
642 640 661 684 a
676 617 800 686 Gentio
819 641 897 710 rege
910 619 1132 712 interceptus,
1146 644 1248 714 quum

183 737 314 809 senatus
335 721 471 793 consilia
493 721 634 816 prodere
653 722 844 815 juberetur,
874 723 1002 792 ardenti
1026 723 1170 794 lucernae
1191 729 1248 796 ad-

181 845 309 899 motum
327 829 466 924 digitum
480 827 695 897 cremandum
712 829 875 924 praebuit,
889 853 993 924 eaque
1009 832 1167 926 patientia
1177 836 1247 928 regi

181 935 276 1006 simul
295 951 328 1004 et
346 935 607 1030 desperationem
627 938 800 1004 tormentis
816 935 995 1030 quidquam
1014 962 1055 1006 ex
1072 963 1106 1007 se
1123 964 1247 1034 cogno·
1287 987 1289 992 -

180 1043 293 1113 scendi
315 1042 458 1111 excussit
468 1039 490 1126 ¹,
521 1055 555 1109 et
580 1040 771 1134 expetendae
797 1041 912 1136 populi
937 1046 1066 1112 romani
1098 1047 1247 1116 amicitiae

182 1173 336 1243 magnam
359 1147 573 1243 cupiditatem
598 1149 813 1241 ingeneravit.
841 1152 890 1218 Ac
909 1173 971 1236 ne,
992 1148 1086 1243 plura
1109 1151 1247 1244 hujusce

181 1256 310 1348 generis
331 1252 483 1348 exempla
498 1253 589 1322 domi
603 1253 798 1340 scrutando,
821 1256 937 1350 saepius
958 1255 1000 1323 ad
1020 1255 1165 1324 civilium
1184 1257 1248 1326 bel-

181 1359 288 1430 lorum
310 1359 537 1430 detestandam
560 1362 754 1429 memoriam
782 1361 937 1456 progredi
966 1387 1085 1457 cogar,
1116 1363 1247 1434 duobus

181 1469 407 1536 Romanorum
430 1465 588 1560 exemplis
616 1481 809 1554 contentus,
837 1491 910 1562 quae
932 1483 971 1536 ut
990 1467 1246 1540 clarissimarum

181 1571 379 1652 familiarum
398 1571 741 1658 commendationem,
761 1575 806 1642 ita
827 1572 955 1642 nullum
974 1574 1145 1668 publicum
1165 1603 1246 1646 moe-

179 1704 289 1750 rorem
311 1679 501 1766 continent,
519 1692 655 1747 externa
669 1678 873 1786 subnectam.

315 1882 371 1934 DE
397 1879 645 1934 PATIENTIA
675 1881 873 1935 EXEMPLA
900 1883 1115 1937 EXTERNA.

239 2033 420 2100 1.Vetusto
433 2029 638 2100 Macedoniae
652 2028 761 2098 morc²
774 2031 844 2126 regi
855 2029 1043 2102 Alexandro
1055 2033 1245 2105 nobilissimi

180 2138 274 2230 pueri
282 2150 407 2266 praesto
419 2147 513 2204 erant
521 2135 718 2205 sacrificanti
728 2161 763 2204 :e
776 2137 895 2230 quibus
908 2163 994 2208 unus
1008 2139 1178 2209 thuribulo
1193 2167 1244 2210 ar·

180 2256 275 2336 repto
296 2295 306 2328 ,
322 2256 398 2310 ante
412 2243 521 2338 ipsum
535 2241 674 2329 adstitit,
690 2245 724 2310 in
742 2243 835 2336 cujus
851 2243 988 2314 brachio
1005 2246 1108 2315 carbo
1126 2247 1245 2318 ardens

179 2346 333 2442 delapsus
359 2363 437 2434 est;
461 2373 527 2442 quo
552 2349 613 2417 etsi
634 2351 678 2417 ita
702 2349 876 2438 urebatur,
904 2365 942 2418 ut
965 2351 1073 2422 adusti
1094 2357 1246 2448 corporis

178 2455 249 2548 ejus
267 2454 352 2522 odor
372 2453 414 2522 ad
433 2455 716 2523 circumstantium
738 2479 834 2524 nares
855 2460 1060 2550 perveniret,
1079 2472 1190 2527 tamen
1211 2475 1244 2530 et

177 2559 325 2629 dolorem
352 2559 482 2629 silentio
507 2562 640 2655 pressit,
670 2575 704 2628 ct
724 2559 898 2630 brachium
926 2563 1096 2632 immobile
1121 2567 1243 2654 tenuit,

177 2691 219 2734 ne
232 2666 428 2736 sacrificium
437 2665 616 2736 Alexandri
625 2682 684 2736 aut
693 2692 853 2738 concusso
867 2669 1038 2739 thuribulo
1053 2672 1243 2765 impediret,

177 2788 236 2842 aut
258 2772 346 2842 edito
368 2775 493 2868 gemitu
515 2776 620 2868 regias
644 2799 739 2842 aures
757 2789 947 2868 aspergeret
955 2763 977 2842 ⁴.
1001 2763 1090 2845 Rex⁵
1112 2801 1243 2872 quoque

178 2881 335 2976 patientia
354 2882 446 2974 pueri
467 2882 571 2974 magis
593 2877 793 2966 delectatus,
811 2879 876 2948 hoc
894 2883 1015 2948 certius
1029 2885 1242 2974 perseveran-

177 2989 230 3056 tiae
250 2987 510 3080 experimentum
533 3011 664 3056 sumere
682 2983 804 3072 voluit3
819 2971 992 3054 consulto⁶
1011 2988 1098 3056 enim
1114 2989 1242 3058 sucrili-

180 3186 219 3238 tio
228 3186 256 3238 in
266 3186 413 3240 custodiam
423 3201 498 3240 eram
506 3189 587 3242 missi.
595 3187 687 3253 Quum
774 3189 800 3240 3.
814 3185 930 3256 Ampio,
947 3184 1035 3251 idest,
1051 3188 1206 3241 festinanter
1216 3203 1242 3242 er

180 3263 279 3318 deinde
299 3266 331 3318 C.
349 3267 457 3319 Anicius
474 3281 571 3338 pretor
589 3268 688 3320 bellum
732 3263 882 3340 improvide
893 3279 1013 3340 sumpto,
1025 3267 1190 3320 irautcarbo
1201 3287 1242 3322 ex-

181 3341 361 3397 xxxdiehus
371 3345 493 3410 finiisset,
505 3347 609 3401 liberati
618 3359 687 3400 runt.
733 3344 832 3400 rideret
839 3346 866 3398 iu
874 3347 929 3417 ejus
934 3347 1118 3400 brachium-
1127 3347 1241 3404 Brachia.

181 3421 246 3475 Vid.
262 3423 373 3494 Euuop.
386 3423 438 3489 IV,
454 3427 479 3478 3.
733 3427 857 3496 Enallage
881 3427 947 3478 sexti
971 3445 1045 3480 casus
1071 3427 1169 3478 brachio
1192 3447 1241 3498 pro

224 3519 249 3556 t.
275 3503 398 3556 Excussit.
417 3501 450 3555 ld
465 3517 519 3570 est,
537 3506 640 3567 effecit,
659 3520 689 3559 ut
733 3519 844 3577 quarto,
859 3506 898 3558 uti
914 3525 1006 3576 supra,
1024 3525 1106 3558 vocem
1126 3510 1152 3558 in
1172 3519 1240 3560 terra

180 3601 227 3637 rex
237 3581 387 3652 desperaret
396 3585 534 3638 tormentis
542 3583 687 3656 quidquam
733 3590 843 3638 emiseris.
988 3653 991 3660 ἱ

179 3682 212 3716 ex
226 3682 255 3716 se
273 3661 457 3732 cognoscendi.
471 3665 585 3718 Torren.
601 3675 687 3718 tamen
774 3673 800 3729 4.
822 3665 976 3734 Aspergerer.
1003 3664 1101 3718 Forsan
1120 3681 1242 3737 asperat-et

178 3743 254 3796 malit
269 3746 378 3803 rtremsr't,
398 3741 471 3813 quod
489 3743 518 3796 in
531 3743 687 3814 quibusdam
732 3757 778 3798 aut
792 3756 956 3815 ermpemret,
968 3743 1008 3796 uti
1021 3744 1092 3816 Lips.
1109 3757 1135 3798 et
1147 3747 1238 3800 Colrr.

178 3822 254 3876 MSS.
271 3822 415 3874 invenitur.
732 3825 818 3896 legere
828 3825 937 3878 mallent
946 3864 954 3891 ,
962 3825 985 3876 si
994 3843 1042 3896 per
1051 3824 1130 3879 codd.
1138 3826 1238 3879 liceret.

220 3923 245 3955 a.
258 3901 286 3954 V
283 3913 360 3953 stuata
371 3899 522 3956 Macedonia
530 3921 601 3956 mon.
610 3905 686 3958 Curt.
774 3905 801 3958 5.
824 3906 877 3957 Rea
892 3923 990 3976 quoque.
1007 3905 1120 3959 Torreu.
1134 3907 1241 3976 conjicit

180 3983 260 4046 vm,
274 3985 301 4035 0.
317 3981 400 4035 Paulo
414 3982 490 4035 aliter
502 3983 598 4036 AElinn.
612 3984 686 4048 xlv,
732 4005 774 4036 ree
785 4003 849 4056 quor
864 3983 920 4036 siue
932 3984 986 4038 ulla
996 3987 1152 4038 auctoritate
1161 3984 1241 4039 codd.

180 4068 233 4130 69,
249 4073 275 4114 et
284 4063 388 4116 Arriam
401 4062 449 4134 qui
459 4081 474 4114 a
484 4059 609 4134 Philippo
617 4061 688 4117 hunc
773 4068 800 4118 6.
814 4064 937 4118 Consulto.
949 4065 1019 4117 Male
1029 4065 1056 4116 iu
1065 4079 1174 4120 consueto
1182 4085 1241 4119 mu-

179 4159 279 4194 rnorem
293 4141 444 4196 institutum
457 4161 512 4196 esse
526 4143 654 4197 scribunt.
733 4156 815 4198 tatum
843 4162 858 4196 a
876 4145 1027 4211 nonnullis,
1047 4147 1093 4217 qui
1113 4157 1241 4219 putarunt

991 4239 1056 4339 ¹4³
