3190 5122
270 523 376 592 can.
404 519 566 608 1v,uu
594 519 720 586 amr.
748 517 806 586 rn
833 516 1045 586 annana.
1112 517 1184 614 377

130 679 213 750 agro
239 651 379 722 viritim¹
411 649 603 736 dividendo,
632 649 736 718 invito
766 663 799 718 et
826 663 1029 743 repugnante
1054 663 1186 736 senatu,

131 757 385 854 promulgasset,
406 757 557 852 precibus
577 755 737 849 minisque
757 755 826 846 ejus
845 756 1002 822 acerrime
1020 757 1189 841 resistens,

131 890 173 934 ac
194 889 235 934 ne
255 865 400 933 exercitu
422 861 554 956 quidem
576 859 731 929 adversus
753 885 789 930 se
809 861 1010 954 conscripto,
1031 861 1057 930 si
1080 863 1114 928 in
1134 883 1187 930 ea-

131 971 208 1038 dem
235 972 393 1039 sententia
420 981 661 1063 perseveraret,
690 966 900 1053 absterritus,
926 980 1099 1060 postquam
1126 990 1187 1061 pro

130 1077 261 1144 Rostris
281 1078 311 1143 ei
331 1075 435 1169 legem
450 1075 519 1166 jam
538 1073 691 1142 referenti
705 1087 799 1168 pater
817 1095 952 1140 manum
974 1072 1099 1164 injecit,
1121 1074 1187 1166 pri·

131 1196 211 1250 vato
240 1180 361 1250 fractus
388 1181 544 1274 imperio,
571 1177 738 1248 descendit
765 1205 783 1246 e
812 1179 960 1264 Rostris,
987 1201 1028 1244 ne
1052 1179 1188 1246 minimo

131 1287 265 1379 quidem
283 1310 450 1354 murmure
470 1285 632 1354 destitutae
650 1284 817 1354 concionis
834 1283 1059 1377 reprehensus.

188 1390 223 1460 6.
244 1393 367 1485 Magna
392 1406 468 1459 sunt
489 1391 560 1458 haec
581 1388 681 1457 virilis
703 1390 831 1482 pietatis
858 1411 973 1482 opera3
997 1387 1054 1456 sed
1078 1389 1187 1457 nescio

130 1522 174 1563 an
197 1497 248 1563 his
268 1497 420 1564 omnihus
444 1491 604 1560 valentius
631 1509 665 1559 et
686 1495 862 1561 animosius
883 1468 1028 1562 Claudia
1049 1491 1189 1562 Vestalis

132 1601 268 1694 virginis
287 1595 440 1682 factum²,
456 1621 530 1689 ¹quae
549 1621 650 1690 quum
668 1611 794 1690 patrem
817 1623 912 1665 suum
929 1599 1188 1692 triumphantem

131 1730 266 1773 eourru
284 1702 427 1771 violenta
446 1702 569 1771 tribuni
589 1700 693 1796 plebis
715 1726 816 1770 manu
833 1701 962 1770 detrahi
981 1702 1188 1770 animadver-

130 1812 240 1895 tisset,
259 1809 342 1876 mira
360 1806 523 1876 celeritate
540 1809 688 1900 utrisque
702 1832 737 1876 se
754 1799 1009 1902 interponendo,
1029 1808 1189 1902 amplissi-

130 1938 223 1982 mam
237 1925 433 2006 potestatem
449 1913 622 1982 inimicitiis
642 1937 814 1982 accensam
832 1912 958 2008 depulit
973 1915 1095 2007 :igitur
1110 1912 1188 1982 alte·

131 2044 210 2086 rum
234 2017 437 2111 triumphum
467 2031 560 2113 pater
590 2019 625 2086 in
653 2018 871 2112 Capitolium,
898 2017 1036 2087 alterum
1064 2018 1128 2088 lilia
1154 2021 1188 2087 in

132 2123 238 2192 aedem
255 2125 365 2192 Vestae
384 2123 499 2192 duxit:
520 2147 581 2192 nec
603 2123 744 2193 discerni
765 2126 888 2218 potuit,
911 2125 977 2192 utri
995 2123 1068 2218 plus
1087 2123 1188 2194 laudis

131 2228 349 2314 tribueretur3
369 2230 423 2298 cni
443 2230 596 2315 victoria,
617 2253 660 2298 an
679 2231 737 2298 cui
749 2231 852 2323 pietas
872 2255 982 2299 comes
1000 2229 1121 2298 aderat.

191 2359 222 2429 7.
242 2336 422 2428 Ignoscite,
441 2336 651 2404 vetustissimi
673 2335 752 2422 soci,
772 2337 967 2429 veniamque
984 2338 1096 2404 aeterni
1114 2335 1188 2404 date

133 2443 228 2534 ignes
236 2425 260 2528 ³,
288 2441 314 2508 si
338 2463 357 2508 a
382 2453 493 2509 vestro
517 2441 732 2510 sacratissimo
759 2439 882 2536 templo
904 2439 946 2508 ad
971 2443 1187 2511 necessarium

179 2668 204 2702 r.
226 2647 331 2701 Virin'm.
352 2648 403 2702 Per
424 2649 541 2720 singulos
554 2649 640 2714 viros,
682 2651 807 2720 pietatem
827 2651 905 2704 tacita
926 2649 1097 2705 admiratione
1114 2669 1185 2706 oom-

134 2729 218 2800 aequis
228 2728 355 2800 partibus.
375 2759 416 2772 ·-
430 2729 532 2781 Manna
551 2731 639 2800 injecit.
682 2731 814 2800 probarit.

133 2809 233 2879 Legem
248 2805 282 2860 de
290 2806 418 2861 mittenda
429 2809 457 2860 in
468 2807 581 2861 Galbam
594 2808 641 2861 cis·
725 2830 750 2862 a.
761 2809 1185 2876 Claudite....sacturn.An.U.61o.

133 2889 251 2959 alpinam
263 2888 366 2940 colonis
376 2885 462 2958 deque
472 2905 535 2958 agro
550 2887 587 2940 ibi
598 2888 639 2940 ri·
683 2887 753 2940 Suet.
764 2889 826 2941 Tib.
848 2906 879 2952 η
895 2888 950 2940 Cic.
968 2906 1018 2959 pro
1031 2888 1127 2956 Caelio,
1142 2890 1186 2941 15.

133 2967 208 3018 ritim
219 2963 363 3020 dividendo
372 2967 507 3019 Flaminius
515 2969 569 3038 jam
580 2979 640 3020 ante
682 2967 783 3038 Appius
796 2965 924 3020 Claudius
934 2965 1041 3032 Audax,
1054 2969 1123 3020 Caci
1138 2969 1187 3020 ira·

134 3047 240 3098 tulerat.
251 3044 341 3108 Quum
350 3057 436 3098 annm
447 3065 504 3099 eam
514 3046 640 3112 referret,
683 3058 735 3110 ter,
746 3045 995 3117 Carthaginiensese
1006 3045 1094 3098 Sicilia
1105 3061 1199 3118 espa-⁸

133 3137 211 3194 pater
226 3123 250 3174 ei
266 3142 360 3174 manum
372 3126 463 3193 injecit,
478 3127 496 3178 i.
513 3144 537 3177 e.
553 3137 641 3178 sumo·
681 3125 760 3192 leret,
777 3125 972 3196 Hieronemqne
991 3123 1062 3196 apud
1077 3125 1187 3196 Syracu·

134 3203 214 3256 ritate
226 3213 252 3254 et
266 3201 294 3254 ri
306 3220 352 3254 sua
367 3220 428 3254 enm
441 3201 566 3268 adduxit,
580 3217 640 3257 uta
682 3223 722 3257 sas
741 3204 833 3276 prelio
852 3205 952 3258 rictum
974 3205 1002 3258 in
1023 3202 1186 3258 deditionem

133 3282 192 3352 lege
210 3279 299 3334 denuo
314 3278 422 3334 ferenda
441 3279 583 3335 desisteret.
597 3282 640 3336 Sic
682 3297 824 3354 acceperat.
838 3282 890 3338 Sed
902 3303 937 3336 ne
945 3283 1132 3356 triumpharet,
1143 3285 1188 3336 tri·

134 3361 191 3414 haec
210 3359 323 3413 formula
344 3359 567 3425 occumbentem,
583 3362 640 3427 VI,
681 3363 747 3414 huni
758 3363 796 3434 pl.
808 3364 916 3418 summis
923 3364 1024 3417 viribus
1035 3364 1185 3416 intercesse-

137 3459 169 3502 π,
179 3439 526 3510 2.Significationefigsrrata
536 3457 590 3491 non
599 3458 641 3492 ex·
681 3455 760 3506 runt,
774 3441 848 3512 quod
865 3442 996 3508 dicerem,
1016 3461 1071 3494 non
1088 3456 1186 3496 tantam

135 3529 238 3569 ternam
257 3519 311 3570 rim
330 3518 442 3581 inferre,
460 3518 506 3570 sed
523 3519 640 3571 anianum
682 3521 760 3574 fuisse
775 3524 831 3592 ejus
844 3523 996 3586 victoriam,
1007 3533 1038 3574 nt
1050 3521 1185 3594 triumpho

134 3595 638 3669 flecteredenotat.Siccinprohoscio:
681 3599 823 3654 haberetur
841 3599 944 3670 dignus.
960 3600 1047 3664 Quare
1067 3619 1150 3672 quum
1171 3621 1185 3654 e

139 3701 150 3720 ι
161 3679 214 3746 ipsa
234 3675 292 3726 rrsr'lsi
307 3679 397 3726 veritas
411 3695 503 3728 marem
522 3680 635 3747 injecit.»
682 3697 762 3732 curru
780 3697 842 3731 eum
861 3677 999 3732 detrahere
1018 3679 1184 3744 niterentur,

135 3755 190 3806 Pro
200 3756 311 3820 referenti
321 3756 416 3824 passim
425 3755 522 3825 legitur
532 3757 638 3823 desma-
682 3756 790 3810 Claudie
801 3766 962 3812 sacrosancta
969 3795 977 3822 ,
984 3759 1040 3838 ejus
1048 3759 1114 3822 filia,
1124 3755 1186 3820 (aut

137 3839 170 3895 n‘,
187 3834 251 3885 item
259 3835 357 3900 serenti.
374 3833 518 3886 Torrenins
532 3835 639 3906 conjicit
680 3835 826 3888 secundum
842 3837 905 3890 alios
918 3834 1020 3902 soror),
1034 3856 1139 3893 ascenso
1155 3837 1187 3891 si·

136 3910 276 3983 legendnm
292 3914 428 3982 perferenti.
451 3914 548 3968 hester
573 3909 638 3967 rem
681 3915 737 3968 mul
751 3933 831 3968 curru
844 3915 1051 3987 triumphantem
1064 3918 1091 3970 in
1107 3917 1185 3988 Capi-

137 4023 175 4032 -
194 3991 270 4046 Ne...
287 4011 411 4045 mumsnre.
431 3991 531 4046 Concio
552 3994 638 4054 enim,
681 3992 776 4046 tolinm
792 4013 875 4064 usque
896 4009 1056 4066 prosequuta
1074 4014 1187 4068 eumque

138 4087 194 4138 qua
206 4070 284 4142 hujus
294 4071 357 4142 legis
366 4069 463 4142 cupida
474 4085 638 4137 venerat,ne
681 4074 747 4128 tuita
759 4087 806 4126 est.
821 4073 862 4126 Cf.
875 4075 943 4128 Plin.
959 4075 1027 4140 vn,
1042 4075 1087 4128 35.

138 4167 256 4202 murmur
271 4149 379 4221 quidem
396 4151 496 4219 emisit,
509 4149 556 4207 sed
569 4152 637 4206 hanc
723 4154 747 4206 3.
771 4153 910 4208 ἰωὴ...
927 4157 1001 4224 ignes.
1015 4155 1075 4220 Scil.
1087 4155 1115 4208 in
1130 4153 1185 4207 tede
