3184 5132
262 509 368 577 CAP.
402 509 435 592 1,
463 507 532 574 DE
564 507 868 574 MATRIMON.
898 507 1037 575 RITU.
1120 531 1185 578 101

128 641 340 710 contentione
358 640 544 708 animorum
565 637 713 732 deposita
731 635 911 708 concordes
932 638 1192 710 revertebantur.

128 749 203 814 Dea
224 770 344 814 nomen
362 745 427 814 hoc
446 769 465 812 a
486 743 654 838 placandis
675 745 754 812 viris
772 743 877 812 sertur
893 759 1043 814 assecuta
1062 770 1070 814 ε
1089 769 1193 814 vene·

127 851 233 920 randa
254 850 402 946 quidem,
429 864 462 919 et
485 851 597 918 nescio
619 848 679 917 an¹
703 851 874 944 praecipuis
897 865 930 918 et
952 851 1117 944 exquisitis
1138 875 1192 919 sa-

127 957 260 1026 crificiis
287 955 444 1042 colenda,
467 970 583 1050 utpote
612 955 808 1050 quotidianae
830 979 869 1025 ac
895 955 1083 1026 domesticae
1104 959 1193 1052 pacis

127 1079 257 1150 custos,
277 1065 312 1131 in
331 1063 403 1158 pari
417 1061 517 1156 jugo²
540 1062 683 1131 caritatis
704 1063 775 1156 ipsa
797 1063 846 1130 sui
864 1061 1083 1156 appellatione
1105 1064 1192 1132 viro·

128 1195 203 1238 rum
220 1169 381 1261 majestati
399 1169 547 1237 debitum
569 1193 587 1236 a
608 1167 737 1238 feminis
756 1167 895 1236 reddens
915 1168 1086 1238 honorem.

184 1300 216 1369 7.
242 1273 440 1368 Hujusmodi
464 1276 550 1344 inter
572 1273 728 1368 conjuges
749 1273 947 1343 verecundia
964 1300 971 1342 :
986 1275 1088 1368 quid,
1107 1276 1192 1344 inter

127 1394 264 1450 caeteras
283 1365 553 1450 necessitudines³
569 1405 679 1450 nonne
700 1394 838 1474 apparet
855 1379 1098 1450 consentanca?
1115 1405 1191 1450 nam

127 1501 168 1554 ut
182 1488 316 1556 minimo
330 1486 450 1556 indicio
467 1489 642 1556 maximam
658 1487 724 1554 vim
740 1485 809 1579 ejus
822 1485 1020 1580 significem,
1035 1485 1191 1580 aliquam·

126 1591 186 1660 diu
209 1618 270 1662 nec
291 1607 385 1688 pater
408 1618 485 1662 curn
510 1591 578 1661 lilio
600 1593 749 1686 pubere,
769 1617 830 1660 nec
854 1617 948 1661 socer
971 1617 1047 1662 cum
1070 1615 1192 1687 genero

127 1697 324 1768 lavabatur:
346 1699 555 1768 manifestum
574 1699 758 1792 igiturest,
778 1712 907 1766 tantum
926 1697 1093 1794 religionis
1114 1723 1192 1768 san-

127 1805 223 1898 guini
246 1819 280 1874 et
304 1803 475 1892 affinitati,
496 1818 656 1896 quantum
681 1803 759 1896 ipsis
781 1804 853 1872 Diis
874 1803 1113 1872 immortalibus
1135 1806 1192 1872 tri-

126 1910 248 1978 butum
259 1909 356 2003 3quia
367 1911 452 1977 inter
465 1909 527 1977 ista
536 1923 605 1976 tarn
616 1923 728 1976 sancta
741 1907 874 1977 vincula
884 1933 952 1977 non
961 1895 1082 2003 magis⁴
1093 1933 1192 2003 quam

127 2019 165 2084 in
187 2014 298 2108 aliquo
317 2028 444 2084 sacrato
462 2013 536 2082 loco
554 2012 679 2082 nudare
700 2039 752 2100 se,
770 2012 862 2082 nefas
875 2038 945 2082 esse
963 2013 1166 2084 credebatur.

188 2120 221 2190 8.
245 2121 444 2188 Convivium
467 2121 567 2187 etiarn
585 2119 718 2188 solenne
735 2120 878 2211 majores
896 2120 1128 2207 instituerunt,
1146 2119 1193 2188 id-

128 2251 195 2322 que
219 2211 406 2297 clarata?
424 2225 692 2321 appellaverunt,
713 2227 766 2297 cui
784 2239 903 2319 praeter
923 2240 1082 2321 cognatos
1098 2241 1131 2294 et
1145 2226 1194 2296 af·

126 2332 213 2402 fines
234 2357 335 2402 nemo
356 2333 628 2427 interponebatur
650 2357 658 2399 :
679 2347 734 2418 ut,
756 2331 782 2399 si
803 2355 868 2425 qua
889 2331 975 2400 inter
996 2331 1193 2402 necessarias

126 2423 308 2533 personas⁶
325 2436 457 2532 querela
475 2453 560 2508 esset
573 2452 664 2525 orta,
685 2436 773 2532 apud
790 2461 883 2506 sacra
898 2462 1038 2526 mensae,
1056 2453 1091 2508 et
1108 2441 1193 2508 inter

175 2669 200 2704 1.
212 2651 300 2704 Nescio
312 2669 353 2702 on.
367 2651 491 2703 Formnla
507 2668 568 2703 eum
581 2668 640 2702 rno-
684 2649 766 2721 patris
775 2661 802 2701 et
814 2647 876 2710 lilii,
889 2661 946 2705 tnm
956 2650 1040 2702 soceri
1056 2661 1083 2703 et
1091 2649 1190 2722 generi.

127 2729 214 2782 dentis
224 2728 338 2801 quedam
348 2729 489 2784 affirmans.
499 2761 540 2773 -
551 2729 589 2782 Et
599 2751 640 2780 ee·
724 2735 750 2794 4.
765 2728 822 2782 Noa
836 2733 922 2798 magis.
941 2727 1015 2800 Scpe
1032 2729 1060 2782 in
1073 2729 1191 2800 probatis

128 2813 231 2882 quiritis.
241 2809 274 2861 In
287 2807 444 2880 quibusdam
455 2806 534 2862 codd.
548 2822 586 2861 est
597 2809 641 2860 sed
681 2807 855 2880 scriptoribus
863 2809 979 2862 occurrit
990 2826 1039 2878 pro
1049 2828 1116 2879 aque
1129 2828 1188 2870 non,

129 2893 266 2962 exquisitis,
277 2889 509 2942 utsitvelutacuta
518 2886 638 2959 quodam
681 2907 711 2940 ac
724 2888 879 2960 neutiquam
899 2905 961 2940 cum
980 2889 1087 2939 Mcens.
1102 2887 1191 2956 legen·

128 2969 326 3040 epanortbosis,
350 2969 476 3034 innuens,
500 2987 556 3020 non
578 2969 639 3020 sutis
681 2965 746 3020 dum
770 2985 817 3018 non
837 2969 921 3018 minus.
937 2995 978 3008 -
999 2965 1085 3032 Nesos.
1107 2963 1190 3018 Aldus

128 3067 186 3101 esse
197 3047 230 3100 ad
245 3067 303 3100 eum
313 3048 452 3102 colendam
462 3052 587 3120 proecrpua
598 3066 639 3100 sa·
681 3047 778 3118 aliique
785 3045 884 3098 babent
887 3046 944 3112 fas,
959 3043 1001 3096 cui
1010 3061 1102 3096 omnes
1110 3041 1189 3098 codd.

127 3127 300 3194 crificiu,nisi
307 3129 385 3181 etiam
392 3129 579 3200 sinteaequisita‚
589 3127 606 3180 i.
614 3146 637 3180 e.
681 3125 756 3179 MSS.
777 3137 804 3176 et
823 3121 884 3177 edd.
906 3123 1019 3176 obstant.
1034 3121 1095 3176 Non
1112 3122 1190 3176 intel·

126 3207 256 3276 singulari
273 3205 407 3278 diligentia
419 3219 578 3278 comparata.
591 3208 640 3260 At·
681 3205 767 3258 lesere
783 3203 838 3256 vim
852 3200 1023 3275 praecedentis
1043 3221 1090 3253 non
1103 3207 1188 3271 magis.

128 3299 222 3338 tamen
231 3303 285 3337 non
294 3286 392 3356 placuit
402 3287 531 3360 particula
541 3287 586 3340 sed
593 3305 641 3338 no·
724 3283 750 3336 5.
766 3283 895 3336 Ctarisrta.
907 3283 931 3334 A
942 3282 1096 3352 χαρίζεσθαι,
1111 3285 1190 3349 grati-

127 3363 247 3417 vissiinis
259 3362 411 3418 editoribus.
675 3361 763 3432 ficari,
774 3362 880 3434 obsequi,
890 3361 1036 3422 contionum,
1047 3361 1142 3429 largiri.
1149 3389 1189 3405 -

177 3463 203 3496 π.
219 3443 250 3494 In
261 3445 318 3513 pari
328 3446 399 3514 jugo.
410 3445 604 3516 Conjunctione
617 3463 638 3497 s.
682 3441 850 3496 celebratum
867 3441 919 3494 hoc
938 3441 1033 3494 festum
1046 3437 1123 3491 vtlt.
1140 3439 1187 3492 cal.

129 3522 238 3596 copula.
247 3553 287 3564 —
298 3522 325 3574 A
331 3524 437 3590 seminis.
450 3521 580 3576 Nonnulli
592 3542 599 3576 :
611 3543 640 3574 oc
682 3519 846 3575 Mareotid.
857 3521 966 3574 Faenll.
974 3519 1036 3571 Dies
1044 3530 1113 3570 totus
1122 3517 1189 3572 inter

127 3605 236 3668 J'emmis.
251 3601 329 3654 Male.
339 3603 512 3656 construatur
521 3622 538 3654 a
542 3605 641 3670 semmr's
682 3612 805 3672 cognatos
830 3599 931 3653 dicatus
958 3596 1085 3650 conviviis
1102 3615 1109 3650 ε
1125 3616 1189 3668 qua·

130 3701 196 3736 curn
215 3681 334 3746 debiturn,
353 3694 384 3734 ut
402 3700 491 3734 sensus
507 3682 562 3735 sit:
585 3683 641 3734 Dea
681 3691 791 3753 propter
813 3677 935 3732 eumdem
952 3679 1043 3745 festum
1069 3679 1189 3748 epularum

132 3763 163 3814 V
160 3762 262 3832 triplam
273 3764 324 3832 ipso
334 3764 427 3813 nomiae
437 3780 479 3812 suo
491 3761 570 3812 reddit
577 3765 643 3814 νέω·
681 3759 813 3812 dixerunt.

131 3861 185 3893 rum
199 3845 318 3910 majestati
329 3835 363 3900 (i.
374 3859 397 3893 e.
408 3839 472 3892 viris
480 3838 559 3910 ipsis)
571 3841 642 3892 bono·
723 3843 749 3892 6.
762 3839 914 3891 Necessarias
921 3855 1041 3907 personas.
1052 3835 1136 3908 Supra
1147 3857 1189 3888 ne·

131 3941 182 3972 rem
192 3941 208 3970 a
212 3923 310 3987 seminis
318 3921 422 3972 delitum
433 3915 444 3982 (
450 3937 530 3992 quern
538 3919 641 3972 lemine
682 3917 833 3969 cessieudr'rres
840 3915 914 3970 dixit.
924 3915 998 3988 Pigh.
1006 3933 1088 3986 quum
1095 3917 1121 3968 in
1130 3913 1190 3970 cod.

131 4001 199 4054 viris
210 3999 306 4052 debent
313 3997 332 4062 l.
687 3997 797 4050 Cauchii
809 3995 948 4068 reperisset
962 3997 1022 4046 inter
1036 3999 1186 4056 necessarios,

176 4080 406 4134 3.Necessitudines.
415 4077 645 4148 Idest,oognetio·
687 4077 797 4129 omnino
812 4075 864 4128 hoc
878 4094 929 4148 pro
947 4074 993 4128 illo
1008 4073 1192 4148 reponendum

131 4178 181 4212 nes
191 4172 219 4212 et
231 4161 383 4225 affinitates,
392 4169 423 4214 ut'
430 4171 505 4222 sunt,
514 4177 538 4210 v.
547 4176 570 4210 c.
586 4169 644 4209 tum
687 4156 791 4228 putavit
804 4173 812 4208 :
828 4155 902 4228 quasi
913 4157 1055 4209 recesserim
1065 4172 1188 4225 personas,

983 4247 996 4286 ³

954 4286 974 4356 7
