3196 5122
411 549 517 620 CAP.
553 551 588 632 1,
623 549 690 620 DE
723 551 941 620 INDOLE.
1144 555 1208 628 181

151 682 336 768 statuisset,
355 679 493 752 celerius
518 679 640 776 aliquid
662 681 704 751 de
731 681 809 778 lisga
828 708 886 754 sun
901 736 911 772 ,
929 707 1028 778 quam
1054 683 1096 756 de
1116 686 1214 758 Sullae

150 811 232 858 nece
251 789 434 882 cogitasset.

206 891 239 964 3.
269 895 372 988 Cujus
396 892 522 964 filiurn*
546 896 703 964 Faustum
732 897 770 964 C.
800 897 933 965 Cassius
951 895 1212 994 condiscipulum

152 1001 300 1098 suumin
315 997 427 1072 schola
446 1001 719 1095 proscriptionem
739 1015 910 1095 paternam
932 999 1141 1088 laudantem,
1164 1007 1212 1100 ip·

151 1130 308 1199 sumque,
324 1131 426 1201 quum
445 1131 505 1202 per
525 1119 653 1176 aetatem
672 1109 847 1202 potuisset,
863 1107 951 1178 idem
971 1107 1134 1180 facturum
1152 1114 1213 1180 mi-

152 1213 334 1298 nitantem,
351 1211 492 1308 colapho
518 1214 687 1307 percussit.
710 1215 855 1308 Dignam
879 1239 1033 1303 manum,
1054 1241 1126 1310 quo
1148 1243 1213 1312 pu·

152 1315 239 1386 blico
260 1317 454 1413 parricidio²
473 1344 507 1390 se
524 1343 592 1388 non
607 1315 869 1390 contaminaret!

308 1521 359 1574 DE
382 1520 539 1574 INDOLE
562 1521 794 1575 EXTERNUM
818 1521 1059 1576 EXEMPLUM.

202 1679 251 1745 'Et
273 1691 311 1746 ut
331 1702 351 1746 a
370 1681 496 1748 Graccis
516 1663 667 1774 aliquid³,
687 1678 871 1750 Alcibiades
891 1679 962 1769 ille,
989 1680 1082 1773 cujus
1102 1683 1213 1751 nescio

154 1794 267 1851 utrum
292 1783 400 1871 bona,
424 1809 466 1853 an
490 1787 569 1854 vitia
594 1787 707 1879 patriae
732 1787 964 1880 perniciosiora
986 1785 1108 1854 fuerint
1127 1781 1213 1876 (illis

154 1889 242 1956 enim
265 1890 352 1960 cives
368 1916 444 1962 suos
458 1891 603 1986 decepit,
617 1889 668 1960 his
682 1885 826 1980 afflixit),
835 1917 936 1986 quum
955 1891 1063 1960 adhuc
1073 1916 1157 1988 puer
1171 1894 1214 1962 od

154 1994 314 2064 Periclem
329 1995 530 2068 avunculum
551 2021 647 2068 suum
667 1997 828 2084 venisset,
848 2021 989 2091 eumque
1007 2013 1134 2068 secreto
1157 2001 1214 2068 tri·

156 2111 242 2168 stem
268 2100 434 2172 sedentem
460 2103 611 2192 vidisset,
639 2103 878 2199 interrogavit,
905 2102 985 2198 quid
1015 2105 1061 2172 ita
1087 2119 1213 2174 tantam

157 2205 192 2271 in
211 2205 305 2276 vultu
327 2195 575 2280 confusionem⁴
596 2224 733 2306 gereret.
753 2207 871 2279 Atilio
892 2207 1038 2298 dicente,
1057 2209 1213 2280 mandato

154 2334 191 2399 se
215 2313 354 2386 civitatis
381 2301 570 2412 Propylaea⁵
591 2319 768 2404 Minervae,
787 2341 859 2411 quae
889 2331 967 2386 sunt
982 2316 1093 2408 jouuae
1111 2318 1213 2402 arcis',

154 2525 209 2580 est,
222 2511 294 2566 unde
306 2512 377 2588 Lips
388 2514 494 2588 conjicit
505 2513 662 2586 legendum:
705 2513 811 2586 ingenio
822 2513 906 2568 edidit
916 2517 1005 2586 τὶμωη
1018 2533 1125 2589 qusquef
1139 2533 1211 2569 eum·

154 2597 230 2664 ipsum
245 2594 387 2647 Mariwueo
398 2596 446 2648 loci
454 2599 583 2648 statuisses.
594 2595 660 2648 Alii:
705 2611 757 2666 que
776 2595 863 2648 Cotus.
879 2607 905 2648 et
918 2595 1001 2668 Thys.
1017 2607 1079 2648 sunt
1092 2595 1208 2666 sequuti.

155 2676 197 2746 qui
213 2677 288 2744 ipsum
301 2673 423 2738 Modum,-
433 2675 492 2728 elii:
502 2680 578 2747 etqui
587 2679 662 2747 ipsios
749 2693 773 2728 2.
800 2675 901 2728 Pollice
914 2676 1055 2746 parricidio.
1076 2676 1211 2740 Quoniam

155 2751 271 2807 Maricas.
284 2755 663 2828 Tornomsnalitzotquispsutu
705 2754 833 2810 Cosam
847 2769 980 2826 tamqnam
995 2763 1097 2828 petrem
1119 2755 1211 2826 patrie

155 2832 262 2884 Marium
271 2835 314 2887 iilo
322 2833 370 2887 Ioci
376 2839 510 2897 statuisses,
520 2837 660 2898 nuclerius,
705 2834 832 2888 confodit.

155 2925 208 2966 etc.
221 2919 305 2986 Kspp.
315 2915 366 2968 sibi
377 2934 431 2975 uon
441 2916 544 2987 liquere
554 2917 599 2970 sit.
607 2915 663 2968 Nec
748 2916 774 2968 3.
796 2915 833 2987 Et
844 2926 921 2966 ut.....
937 2913 1038 2984 aliquid.
1058 2911 1211 2964 Subintelli-

155 3005 244 3044 tamen
274 2994 349 3046 focile
372 2996 561 3049 mutaverimus
584 2993 663 3066 quid-
706 3013 750 3064 gas
771 2994 883 3062 acljs'ciom
896 3003 942 3044 sut
958 2991 1043 3044 simile
1058 2989 1211 3061 quidquam.

155 3091 250 3144 quam,
269 3091 353 3146 quum
372 3073 521 3128 cobnteent
544 3075 615 3128 inter
636 3093 664 3127 se
707 3073 778 3128 Solet
793 3073 889 3125 Noster
906 3072 941 3123 its
957 3070 1067 3142 abrupte
1080 3071 1166 3140 loqui,
1182 3083 1213 3122 ut

155 3153 357 3210 omnio-1110
371 3154 425 3207 loci.
436 3153 515 3220 Quod
529 3172 590 3207 cnm
599 3155 666 3206 Tor·
707 3171 733 3206 v.
747 3171 771 3207 c.
786 3153 831 3204 lib.
845 3152 903 3215 111,
917 3169 940 3204 c.
956 3170 970 3204 s
984 3189 991 3216 ,
1011 3169 1038 3202 n.
1060 3151 1075 3203 3
1094 3161 1120 3201 et
1138 3149 1209 3202 alibi.

156 3251 217 3286 ren.
229 3243 256 3284 et
264 3233 409 3304 Kapppro
420 3233 663 3286 eolocinonnullor.
706 3263 748 3276 -·-
765 3230 912 3284 Alcibiades.
933 3231 974 3282 De
995 3231 1069 3302 cujus
1086 3228 1157 3280 vitiis
1176 3241 1213 3280 at·

157 3307 238 3365 codd.
253 3311 281 3364 in
301 3325 400 3365 textum
413 3313 567 3386 recepimus.
582 3313 665 3366 Intel-
707 3330 759 3382 que
771 3311 913 3364 virtutibus
922 3308 982 3363 vide
991 3309 1137 3380 Nepotem,
1152 3307 1213 3360 Plu·

157 3390 251 3462 ligitur
269 3403 356 3444 autem
368 3391 473 3446 officina
491 3393 536 3445 illa
550 3391 665 3446 crudeli·
707 3391 844 3451 teuchum,
857 3389 1001 3442 tustinum.

157 3471 239 3538 tatis,
252 3467 286 3522 de
301 3488 352 3540 qua
373 3469 546 3542 pradictum,
564 3471 593 3524 id
610 3484 666 3537 est,
748 3477 775 3535 4.
792 3470 966 3537 Consusrosrem.
985 3465 1212 3520 perturbationem

157 3549 256 3604 domus
270 3548 357 3601 Sullte.
708 3551 762 3603 sive
774 3549 916 3602 tristitiem.

203 3649 228 3683 1.
245 3629 321 3700 Cujus
326 3627 417 3698 filum
429 3631 508 3683 Anno
522 3629 589 3683 urb.
608 3631 663 3700 678
750 3629 776 3683 5.
790 3628 930 3701 Pmpyioea.
945 3625 1121 3680 Vestibulum.
1138 3623 1213 3677 Grre·
1246 3686 1252 3695 .

157 3710 272 3764 circiter.
301 3709 363 3760 Fuit
393 3709 437 3761 hic
468 3709 593 3775 Cassius,
620 3709 666 3782 qui
708 3728 740 3764 co
760 3707 888 3762 vocabulo
907 3705 1009 3768 utitur,
1023 3705 1085 3776 quis
1103 3723 1213 3776 precem

157 3808 221 3843 cum
237 3787 294 3842 aliis
309 3787 364 3840 tut.
381 3787 510 3842 cassem
525 3789 664 3842 interiecit.
709 3800 802 3842 mecm
822 3787 967 3841 historiam.
991 3784 1090 3839 Civitas
1105 3781 1214 3836 munds·

158 3899 200 3911 -
217 3869 343 3921 Faustum
363 3866 435 3930 Sulla
453 3881 513 3939 port
528 3869 665 3922 victorium
708 3881 782 3921 verat
798 3866 908 3932 Pericli,
925 3877 955 3918 ut
966 3867 1058 3936 januas
1076 3864 1142 3918 arcis
1159 3863 1212 3914 Mi·

158 3961 261 4002 crestus
275 3947 389 4000 dictator
408 3959 567 4020 perpetuus,
582 3947 667 4002 voluit
708 3965 796 4001 nem
810 3943 986 4000 conficiendos
1003 3956 1120 4009 cureret,
1141 3955 1167 3995 et
1185 3942 1213 3994 in

159 4047 188 4082 se
200 4028 317 4081 Faustum
334 4040 411 4098 atque
426 4027 545 4094 ieliccrn,
558 4045 666 4080 usomn
709 4047 767 4082 enm
777 4045 834 4080 rem
850 4024 883 4078 de
895 4025 1003 4098 publico
1015 4022 1074 4076 dota
1089 4034 1127 4076 est
1138 4040 1215 4094 pecu·

159 4107 292 4169 Faustum,
316 4107 412 4160 liberos
434 4125 539 4180 qnoque
563 4107 667 4160 Funus
709 4107 754 4160 uia
770 4107 834 4160 :hic
850 4124 913 4158 vero
928 4105 1058 4176 ingentem
1074 4102 1216 4176 pecuniam

159 4187 295 4258 appellari.
310 4212 347 4222 -
361 4187 496 4260 Ipsumque.
510 4187 617 4260 Pighius
634 4205 666 4240 ex
710 4187 738 4240 iu
757 4187 809 4240 boc
829 4204 909 4258 opere
927 4184 1089 4256 consumpsit
1111 4201 1118 4236 :
1145 4179 1217 4234 unde

966 4280 1032 4364 123
