3190 5122
405 497 511 566 CAP.
540 497 634 581 VII,
661 495 729 562 DE
757 495 1018 564 AMICITIA.
1169 496 1271 572 315.

185 648 253 701 tam
285 653 389 724 pravo
415 628 585 722 proposito
613 629 650 696 G.
679 624 824 694 Blosium
851 627 1048 697 cumanum¹
1075 629 1245 719 habuerit,

186 737 455 833 operaepretium
476 748 526 803 est
547 757 755 827 cognoscere.
785 735 897 800 Hostis
917 734 1101 826 judicatus,
1126 735 1244 806 ultimo

186 841 347 939 supplicio
360 841 516 928 affectus,
529 839 705 934 sepulturae
721 839 847 906 honore
861 837 1031 932 spoliatus,
1047 843 1244 914 benevolen-

120 975 122 978 ·
186 952 231 1020 tia
249 965 361 1018 tamen
378 949 449 1041 ejus
471 971 537 1014 non
553 949 678 1032 caruit3
697 969 774 1014 nam
792 971 895 1040 quum
913 961 1043 1016 senatus
1064 949 1197 1043 Rupilio
1212 967 1246 1022 et

186 1057 314 1125 Laenati
327 1053 516 1125 consulibus
534 1052 738 1139 mandasset,
758 1081 774 1116 rr
785 1067 821 1119 ut
837 1055 871 1119 in
890 1077 962 1138 eos,
976 1056 1120 1145 quicum
1135 1059 1244 1126 Grac-

188 1163 253 1232 cho
271 1174 523 1247 consenserant,
544 1183 637 1228 more
659 1161 821 1252 majorum
844 1158 1188 1246 anirnadverterent3»
1213 1179 1247 1234 et

187 1267 230 1336 ad
252 1268 403 1355 Laelium,
422 1267 516 1360 cujus
538 1264 674 1334 consilio
695 1267 860 1359 praecipue
878 1263 1029 1334 consules
1051 1267 1246 1356 utebantur,

188 1400 249 1468 pro
271 1399 305 1443 se
323 1374 449 1444 Blosius
469 1374 684 1466 deprecatum
705 1372 864 1457 venisset,
881 1369 1170 1464 familiaritatisque
1190 1400 1245 1442 ex·
1330 1405 1332 1408 ·

188 1483 355 1550 cusatione
368 1485 534 1566 uteretur,
546 1494 645 1571 atque
660 1479 685 1546 is
698 1477 845 1564 dixisset,
859 1477 978 1565 «Quid
990 1479 1016 1546 si
1028 1493 1060 1546 te
1073 1480 1245 1550 Gracchus

188 1587 312 1682 templo
325 1588 416 1656 Iovis
429 1589 507 1679 Opt.
524 1587 613 1652 Max.
636 1583 723 1653 faces
745 1583 884 1652 subdere
903 1583 1065 1676 jussisset,
1084 1584 1246 1679 obsequu-

187 1707 324 1762 turusne
336 1691 498 1760 voluntati
512 1690 616 1778 illius,
627 1705 763 1784 propter
776 1692 888 1776 istam,
902 1713 1001 1784 quam
1012 1691 1134 1784 jactas,
1149 1692 1247 1760 lami-

188 1798 381 1883 liaritatem,
402 1796 573 1867 fuisses²?»
594 1799 794 1891 «Nunquam
815 1796 918 1883 istud,
937 1798 1059 1890 inquit,
1075 1799 1247 1870 Gracchus

189 1907 420 1998 imperasset.»
445 1905 549 1990 Satis,
571 1905 672 1972 immo
693 1905 791 1972 etiarn
813 1905 969 1989 nirnium3
988 1904 1086 1972 totius
1106 1929 1248 1998 namque

190 2025 321 2079 senatus
348 2035 508 2080 consensu
533 2009 704 2078 damnatos
727 2035 836 2078 mores
865 2007 1041 2077 defendere
1058 2035 1156 2078 ausus
1187 2025 1246 2080 est.

189 2119 317 2183 Verum
335 2116 423 2209 quod
443 2118 606 2209 sequitur,
620 2115 725 2184 multo
742 2115 917 2202 audacius,
933 2114 1102 2209 multoque
1119 2118 1246 2210 pericu·

188 2220 310 2290 losius:
326 2246 534 2317 compressus
555 2223 641 2290 enim
661 2222 884 2317 perseveranti
905 2223 1162 2316 interrogatione
1175 2225 1247 2292 Lae-

188 2313 251 2415 lii³‚
263 2330 297 2395 in
314 2329 430 2397 eodem
452 2329 643 2398 constantiae
662 2328 767 2424 gradu
781 2329 885 2413 stetit,
905 2357 921 2393 r
933 2353 1031 2422 seque
1050 2330 1148 2396 etiam
1165 2329 1248 2416 hoc,

190 2433 334 2503 simodo
356 2436 529 2506 Gracchus
548 2436 730 2521 annuisset,
750 2435 914 2504 lucturum
932 2434 1108 2528 respondit.
1123 2465 1141 2499 n
1165 2435 1248 2522 Quis

189 2539 282 2609 illurn
309 2540 503 2610 sceleratum
528 2555 675 2636 putasset
701 2541 815 2628 fuisse,
838 2543 863 2612 si
885 2539 1062 2612 tacuisset?
1087 2543 1159 2636 quis
1180 2566 1248 2610 non

190 2647 286 2716 etiam
314 2649 513 2742 sapientem,
539 2651 565 2716 si
593 2673 655 2742 pro
682 2651 873 2718 necessitate
906 2649 1064 2742 temporis
1092 2646 1248 2742 loquutus

191 2752 294 2822 esset?
311 2755 355 2822 At
372 2753 499 2824 Blosius
516 2779 578 2823 nec
594 2752 721 2826 silentio
743 2755 900 2840 honest0,
920 2779 980 2821 nec
1002 2753 1156 2847 prudenti
1176 2779 1247 2822 ser-

190 2885 289 2928 mone
313 2859 448 2930 salutem
470 2885 583 2948 suam,
606 2885 648 2928 ne
670 2884 736 2954 qua
758 2875 913 2955 exparte
935 2857 1071 2927 infelicis
1099 2861 1249 2928 amicitiae

192 2968 384 3036 memoriam
406 2968 585 3054 desereret,
604 2968 691 3034 tueri
713 2966 827 3035 voluit.

248 3098 281 3139 a.
300 3075 340 3139 In
369 3072 482 3142 eadem
511 3074 611 3142 dotno
630 3097 721 3166 aeque
742 3073 877 3142 robusta
898 3072 1079 3140 constantis
1100 3071 1251 3138 amicitiae

194 3175 342 3269 exempla
368 3179 572 3248 oboriuntur.
595 3182 771 3249 Prostratis
795 3179 883 3248 enirn
901 3178 970 3272 jam
998 3192 1031 3246 et
1053 3176 1187 3272 perditis
1209 3177 1250 3243 C.
1326 3199 1341 3224 r

194 3282 340 3352 Gracchi
359 3283 499 3353 consiliis
526 3275 716 3380 rebusquel,
739 3311 841 3381 quum
863 3299 931 3354 tota
959 3285 1028 3377 ejus
1050 3283 1253 3376 conspiratio

237 3491 261 3525 1.
284 3473 422 3526 Cumanum.
442 3474 495 3526 Alii
515 3495 651 3546 campanum
665 3478 699 3529 le·
785 3497 809 3530 a.
823 3477 928 3529 Fur'sses.
949 3475 1023 3528 MSS.
1037 3475 1113 3526 multi
1126 3472 1251 3526 exhibent

193 3565 268 3626 gunt.
279 3553 369 3618 Quum
379 3553 468 3606 Cuma
475 3557 548 3624 juxta
562 3556 635 3608 Baius
649 3558 700 3609 sint
737 3559 818 3624 suisti.

193 3634 258 3686 urbs
280 3633 448 3703 Campaniae,
469 3652 552 3704 quum
575 3653 701 3688 cumanus
786 3637 811 3688 3.
825 3634 1102 3704 haterrogationeLoelr'r'.
1114 3635 1136 3684 A
1148 3633 1252 3684 Plutar-

194 3725 273 3776 esset,
287 3712 365 3764 etiam
381 3731 523 3784 campanus
535 3711 587 3766 dici
603 3716 699 3784 potuit.
744 3716 794 3768 cho
809 3714 908 3768 dicitur
922 3714 1096 3783 interrogatus
1118 3733 1132 3764 a
1149 3711 1252 3766 Nasica.

195 3793 326 3844 Caeterum
337 3791 458 3844 Graccho
471 3811 536 3846 carso
549 3793 663 3846 contulit
674 3815 701 3846 se
744 3826 784 3838 -
800 3795 877 3866 Seque
883 3831 929 3846 .....
934 3792 1060 3863 respondit.
1076 3791 1156 3858 Quod
1172 3791 1253 3860 impia

193 3872 296 3924 Blosius
315 3869 349 3923 ad
369 3872 560 3939 Aristonicum,
579 3873 626 3944 qui
639 3886 702 3926 tunc
745 3887 771 3925 et
790 3873 967 3926 scelestissima
987 3873 1077 3924 luisset
1089 3871 1256 3942 gratificatio,

193 3951 261 4003 Asiae
278 3969 388 4022 regnum
401 3951 555 4014 affectabat,
574 3955 703 4005 Romano-
746 3954 813 4004 Nam
831 3953 907 4004 amici
922 3953 1010 4024 potius
1025 3972 1039 4004 a
1052 3951 1194 4004 sceleribus
1205 3946 1252 4000 de-

194 4049 254 4081 rum
269 4031 351 4084 hostis
365 4032 455 4084 factus.
471 4033 552 4103 Cujus
565 4033 644 4085 rebus
660 4030 703 4085 de·
746 4030 861 4086 ducendi
870 4044 979 4098 sunt,et
992 4031 1082 4103 patriae
1090 4029 1183 4082 caritas
1197 4047 1252 4082 mae

195 4110 303 4178 speratis
324 4111 380 4183 ipse
399 4129 507 4186 quoque
524 4112 573 4166 sibi
590 4125 702 4166 mortem
744 4113 809 4184 J'orie
824 4109 903 4164 debet
920 4131 988 4176 csse,
1003 4129 1082 4183 quam
1098 4110 1219 4164 amicitia.

195 4190 328 4244 consetur.
787 4193 958 4256 APmrrrarts
959 4229 1005 4248 .....
1008 4191 1257 4264 νεόωᾳυι,εῐε.Αα,
