<?xml version="1.0" encoding="UTF-8"?>
<!DOCTYPE html PUBLIC "-//W3C//DTD XHTML 1.0 Transitional//EN"
    "http://www.w3.org/TR/xhtml1/DTD/xhtml1-transitional.dtd">
<html xmlns="http://www.w3.org/1999/xhtml" xml:lang="en" lang="en">
 <head>
  <title>
</title>
<meta http-equiv="Content-Type" content="text/html;charset=utf-8" />
  <meta name='ocr-system' content='tesseract 3.04.00' />
  <meta name='ocr-capabilities' content='ocr_page ocr_carea ocr_par ocr_line ocrx_word'/>
</head>
<body>
  <div class='ocr_page' id='page_1' title='image "./valeriusmaximus01lykogoog_0189.png"; bbox 0 0 3184 5132; ppageno 0'>
   <div class='ocr_carea' id='block_1_1' title="bbox 415 465 1279 594">
    <p class='ocr_par' dir='ltr' id='par_1_1' title="bbox 415 465 1279 594">
     <span class='ocr_line' id='line_1_1' title="bbox 415 465 1279 594; baseline -0.007 -2"><span class='ocrx_word' id='word_1_1' title='bbox 415 519 484 594; x_wconf 78' lang='lat'><strong>162</strong></span> <span class='ocrx_word' id='word_1_2' title='bbox 609 465 831 589; x_wconf 75' lang='lat' dir='ltr'><strong>VAbERll</strong></span> <span class='ocrx_word' id='word_1_3' title='bbox 864 519 1069 588; x_wconf 82' lang='grc' dir='ltr'><strong>ΜΑΧΙΜΙ</strong></span> <span class='ocrx_word' id='word_1_4' title='bbox 1102 519 1197 586; x_wconf 92' lang='lat' dir='ltr'><strong>LIB.</strong></span> <span class='ocrx_word' id='word_1_5' title='bbox 1229 519 1279 586; x_wconf 93' lang='lat' dir='ltr'><strong>lI.</strong></span> 
     </span>
    </p>
   </div>
   <div class='ocr_carea' id='block_1_2' title="bbox 404 647 1471 2547">
    <p class='ocr_par' dir='ltr' id='par_1_2' title="bbox 404 647 1467 1570">
     <span class='ocr_line' id='line_1_2' title="bbox 463 647 1466 724; baseline -0.006 0"><span class='ocrx_word' id='word_1_6' title='bbox 463 677 497 724; x_wconf 68' lang='grc' dir='ltr'><strong>α.</strong></span> <span class='ocrx_word' id='word_1_7' title='bbox 527 649 675 722; x_wconf 82' lang='lat' dir='ltr'><strong>llorum¹</strong></span> <span class='ocrx_word' id='word_1_8' title='bbox 692 651 898 721; x_wconf 81' lang='lat' dir='ltr'><strong>severitatem</strong></span> <span class='ocrx_word' id='word_1_9' title='bbox 914 651 962 719; x_wconf 91' lang='grc' dir='ltr'><strong>Μ.</strong></span> <span class='ocrx_word' id='word_1_10' title='bbox 970 647 1121 718; x_wconf 80' lang='lat' dir='ltr'><strong>Valerius</strong></span> <span class='ocrx_word' id='word_1_11' title='bbox 1137 651 1225 718; x_wconf 78' lang='lat' dir='ltr'><strong>Max.</strong></span> <span class='ocrx_word' id='word_1_12' title='bbox 1242 663 1278 718; x_wconf 86' lang='lat' dir='ltr'><strong>et</strong></span> <span class='ocrx_word' id='word_1_13' title='bbox 1293 650 1333 719; x_wconf 93' lang='lat' dir='ltr'><strong>C.</strong></span> <span class='ocrx_word' id='word_1_14' title='bbox 1348 650 1466 718; x_wconf 87' lang='lat' dir='ltr'><strong>lunius</strong></span> 
     </span>
     <span class='ocr_line' id='line_1_3' title="bbox 407 753 1465 850; baseline -0.004 -22"><span class='ocrx_word' id='word_1_15' title='bbox 407 756 574 828; x_wconf 83' lang='lat' dir='ltr'>Bubulcus</span> <span class='ocrx_word' id='word_1_16' title='bbox 602 761 723 828; x_wconf 89' lang='lat' dir='ltr'><strong>Brutus</strong></span> <span class='ocrx_word' id='word_1_17' title='bbox 749 781 901 826; x_wconf 86' lang='lat' dir='ltr'><strong>censores</strong></span> <span class='ocrx_word' id='word_1_18' title='bbox 925 757 960 824; x_wconf 90' lang='lat' dir='ltr'><strong>in</strong></span> <span class='ocrx_word' id='word_1_19' title='bbox 986 753 1146 826; x_wconf 82' lang='lat' dir='ltr'><strong>consimili</strong></span> <span class='ocrx_word' id='word_1_20' title='bbox 1172 779 1291 850; x_wconf 77' lang='lat' dir='ltr'><strong>genere</strong></span> <span class='ocrx_word' id='word_1_21' title='bbox 1316 755 1465 824; x_wconf 80' lang='lat' dir='ltr'><strong>unimod-</strong></span> 
     </span>
     <span class='ocr_line' id='line_1_4' title="bbox 406 862 1466 956; baseline 0 -26"><span class='ocrx_word' id='word_1_22' title='bbox 406 865 566 934; x_wconf 83' lang='lat' dir='ltr'><strong>versionis</strong></span> <span class='ocrx_word' id='word_1_23' title='bbox 586 865 726 952; x_wconf 84' lang='lat' dir='ltr'><strong>imitati,</strong></span> <span class='ocrx_word' id='word_1_24' title='bbox 748 865 785 934; x_wconf 89' lang='lat' dir='ltr'><strong>L.</strong></span> <span class='ocrx_word' id='word_1_25' title='bbox 806 863 988 932; x_wconf 81' lang='lat' dir='ltr'><strong>Antonium</strong></span> <span class='ocrx_word' id='word_1_26' title='bbox 1008 875 1125 932; x_wconf 77' lang='lat' dir='ltr'><strong>senatu</strong></span> <span class='ocrx_word' id='word_1_27' title='bbox 1142 875 1338 948; x_wconf 85' lang='lat' dir='ltr'><strong>moverunt,</strong></span> <span class='ocrx_word' id='word_1_28' title='bbox 1357 862 1466 956; x_wconf 90' lang='lat' dir='ltr'><strong>quod,</strong></span> 
     </span>
     <span class='ocr_line' id='line_1_5' title="bbox 405 967 1466 1064; baseline -0.002 -26"><span class='ocrx_word' id='word_1_29' title='bbox 405 994 505 1064; x_wconf 87' lang='lat' dir='ltr'><strong>quarn</strong></span> <span class='ocrx_word' id='word_1_30' title='bbox 527 971 689 1064; x_wconf 72' lang='lat' dir='ltr'><strong>virginem</strong></span> <span class='ocrx_word' id='word_1_31' title='bbox 715 971 749 1038; x_wconf 93' lang='lat' dir='ltr'><strong>in</strong></span> <span class='ocrx_word' id='word_1_32' title='bbox 776 970 1023 1040; x_wconf 78' lang='lat' dir='ltr'><strong>matrimonium</strong></span> <span class='ocrx_word' id='word_1_33' title='bbox 1049 967 1209 1054; x_wconf 79' lang='lat' dir='ltr'><strong>duxerat,</strong></span> <span class='ocrx_word' id='word_1_34' title='bbox 1235 967 1466 1064; x_wconf 84' lang='lat' dir='ltr'><strong>repudiasset,</strong></span> 
     </span>
     <span class='ocr_line' id='line_1_6' title="bbox 404 1073 1464 1148; baseline -0.004 -2"><span class='ocrx_word' id='word_1_35' title='bbox 404 1074 496 1146; x_wconf 94' lang='lat' dir='ltr'><strong>nullo</strong></span> <span class='ocrx_word' id='word_1_36' title='bbox 510 1077 693 1148; x_wconf 83' lang='lat' dir='ltr'><strong>amicorum</strong></span> <span class='ocrx_word' id='word_1_37' title='bbox 710 1077 746 1144; x_wconf 92' lang='lat' dir='ltr'><strong>in</strong></span> <span class='ocrx_word' id='word_1_38' title='bbox 759 1074 931 1146; x_wconf 88' lang='lat' dir='ltr'><strong>consilium</strong></span> <span class='ocrx_word' id='word_1_39' title='bbox 945 1073 1103 1144; x_wconf 75' lang='lat' dir='ltr'><strong>adhibito.</strong></span> <span class='ocrx_word' id='word_1_40' title='bbox 1119 1077 1164 1144; x_wconf 83' lang='lat' dir='ltr'><strong>At</strong></span> <span class='ocrx_word' id='word_1_41' title='bbox 1180 1074 1244 1144; x_wconf 90' lang='lat' dir='ltr'><strong>hoc</strong></span> <span class='ocrx_word' id='word_1_42' title='bbox 1258 1075 1385 1144; x_wconf 80' lang='lat' dir='ltr'><strong>crimen</strong></span> <span class='ocrx_word' id='word_1_43' title='bbox 1402 1099 1464 1142; x_wconf 85' lang='lat' dir='ltr'><strong>ne-</strong></span> 
     </span>
     <span class='ocr_line' id='line_1_7' title="bbox 405 1177 1466 1277; baseline -0.002 -27"><span class='ocrx_word' id='word_1_44' title='bbox 405 1182 474 1252; x_wconf 91' lang='lat' dir='ltr'><strong>scio</strong></span> <span class='ocrx_word' id='word_1_45' title='bbox 493 1205 537 1252; x_wconf 82' lang='lat' dir='ltr'><strong>en</strong></span> <span class='ocrx_word' id='word_1_46' title='bbox 562 1184 731 1277; x_wconf 85' lang='lat' dir='ltr'><strong>superiore</strong></span> <span class='ocrx_word' id='word_1_47' title='bbox 758 1181 894 1275; x_wconf 37' lang='lat' dir='ltr'><strong>majusfl:</strong></span> <span class='ocrx_word' id='word_1_48' title='bbox 916 1179 972 1250; x_wconf 92' lang='lat' dir='ltr'><strong>illo</strong></span> <span class='ocrx_word' id='word_1_49' title='bbox 994 1196 1137 1276; x_wconf 80' lang='lat' dir='ltr'><strong>namque</strong></span> <span class='ocrx_word' id='word_1_50' title='bbox 1159 1177 1349 1275; x_wconf 74' lang='lat' dir='ltr'><strong>conjugalia</strong></span> <span class='ocrx_word' id='word_1_51' title='bbox 1372 1203 1466 1249; x_wconf 79' lang='lat' dir='ltr'><strong>sacra</strong></span> 
     </span>
     <span class='ocr_line' id='line_1_8' title="bbox 405 1287 1465 1382; baseline -0.002 -26"><span class='ocrx_word' id='word_1_52' title='bbox 405 1302 516 1382; x_wconf 80' lang='lat' dir='ltr'><strong>spreta</strong></span> <span class='ocrx_word' id='word_1_53' title='bbox 531 1302 677 1374; x_wconf 83' lang='lat' dir='ltr'><strong>tantum,</strong></span> <span class='ocrx_word' id='word_1_54' title='bbox 691 1287 757 1358; x_wconf 91' lang='lat' dir='ltr'><strong>boc</strong></span> <span class='ocrx_word' id='word_1_55' title='bbox 776 1290 873 1358; x_wconf 87' lang='lat' dir='ltr'><strong>etism</strong></span> <span class='ocrx_word' id='word_1_56' title='bbox 892 1287 1047 1381; x_wconf 81' lang='lat' dir='ltr'><strong>injuriose</strong></span> <span class='ocrx_word' id='word_1_57' title='bbox 1061 1301 1201 1358; x_wconf 76' lang='lat' dir='ltr'><strong>tractata</strong></span> <span class='ocrx_word' id='word_1_58' title='bbox 1220 1301 1306 1356; x_wconf 78' lang='lat' dir='ltr'><strong>sunt</strong></span> <span class='ocrx_word' id='word_1_59' title='bbox 1326 1289 1465 1381; x_wconf 89' lang='lat' dir='ltr'><strong>Optimo</strong></span> 
     </span>
     <span class='ocr_line' id='line_1_9' title="bbox 404 1393 1467 1488; baseline -0.002 -26"><span class='ocrx_word' id='word_1_60' title='bbox 404 1418 485 1488; x_wconf 82' lang='lat' dir='ltr'><strong>ergo</strong></span> <span class='ocrx_word' id='word_1_61' title='bbox 506 1393 631 1486; x_wconf 88' lang='lat' dir='ltr'><strong>judicio</strong></span> <span class='ocrx_word' id='word_1_62' title='bbox 653 1417 807 1463; x_wconf 78' lang='lat' dir='ltr'><strong>censores</strong></span> <span class='ocrx_word' id='word_1_63' title='bbox 825 1393 996 1488; x_wconf 74' lang='lat' dir='ltr'><strong>indignum</strong></span> <span class='ocrx_word' id='word_1_64' title='bbox 1018 1417 1094 1462; x_wconf 90' lang='lat' dir='ltr'><strong>eum</strong></span> <span class='ocrx_word' id='word_1_65' title='bbox 1115 1393 1207 1462; x_wconf 79' lang='lat' dir='ltr'><strong>editu</strong></span> <span class='ocrx_word' id='word_1_66' title='bbox 1231 1393 1332 1462; x_wconf 76' lang='lat' dir='ltr'><strong>curie</strong></span> <span class='ocrx_word' id='word_1_67' title='bbox 1352 1393 1467 1462; x_wconf 84' lang='lat' dir='ltr'><strong>existi-</strong></span> 
     </span>
     <span class='ocr_line' id='line_1_10' title="bbox 404 1515 588 1570; baseline 0.011 -2"><span class='ocrx_word' id='word_1_68' title='bbox 404 1515 588 1570; x_wconf 73' lang='lat' dir='ltr'><strong>sueverunt.</strong></span> 
     </span>
    </p>

    <p class='ocr_par' dir='ltr' id='par_1_3' title="bbox 405 1602 1471 2547">
     <span class='ocr_line' id='line_1_11' title="bbox 460 1602 1465 1699; baseline -0.005 -23"><span class='ocrx_word' id='word_1_69' title='bbox 460 1603 492 1676; x_wconf 83' lang='lat'><strong>3.</strong></span> <span class='ocrx_word' id='word_1_70' title='bbox 513 1602 617 1676; x_wconf 88' lang='lat' dir='ltr'><strong>Sicut²</strong></span> <span class='ocrx_word' id='word_1_71' title='bbox 632 1606 679 1674; x_wconf 88' lang='lat' dir='ltr'><strong>M.</strong></span> <span class='ocrx_word' id='word_1_72' title='bbox 695 1605 830 1674; x_wconf 84' lang='lat' dir='ltr'><strong>Porcius</strong></span> <span class='ocrx_word' id='word_1_73' title='bbox 847 1607 932 1674; x_wconf 87' lang='lat' dir='ltr'><strong>Cato</strong></span> <span class='ocrx_word' id='word_1_74' title='bbox 949 1607 988 1672; x_wconf 93' lang='lat' dir='ltr'><strong>L.</strong></span> <span class='ocrx_word' id='word_1_75' title='bbox 1008 1603 1351 1699; x_wconf 80' lang='lat' dir='ltr'><strong>Flsmimnum,quem</strong></span> <span class='ocrx_word' id='word_1_76' title='bbox 1369 1627 1389 1672; x_wconf 89' lang='lat' dir='ltr'><strong>e</strong></span> <span class='ocrx_word' id='word_1_77' title='bbox 1404 1629 1465 1672; x_wconf 93' lang='lat' dir='ltr'><strong>nu·</strong></span> 
     </span>
     <span class='ocr_line' id='line_1_12' title="bbox 406 1709 1464 1805; baseline -0.003 -25"><span class='ocrx_word' id='word_1_78' title='bbox 406 1735 497 1782; x_wconf 88' lang='lat' dir='ltr'><strong>mero</strong></span> <span class='ocrx_word' id='word_1_79' title='bbox 513 1725 703 1782; x_wconf 85' lang='lat' dir='ltr'><strong>seuntomm</strong></span> <span class='ocrx_word' id='word_1_80' title='bbox 715 1709 942 1805; x_wconf 86' lang='lat' dir='ltr'><strong>sustulit‚quin</strong></span> <span class='ocrx_word' id='word_1_81' title='bbox 952 1712 986 1778; x_wconf 94' lang='lat' dir='ltr'><strong>in</strong></span> <span class='ocrx_word' id='word_1_82' title='bbox 999 1711 1169 1805; x_wconf 85' lang='lat' dir='ltr'><strong>provincis</strong></span> <span class='ocrx_word' id='word_1_83' title='bbox 1182 1710 1359 1804; x_wconf 85' lang='lat' dir='ltr'><strong>quemdem</strong></span> <span class='ocrx_word' id='word_1_84' title='bbox 1373 1709 1464 1778; x_wconf 82' lang='lat' dir='ltr'><strong>dem·</strong></span> 
     </span>
     <span class='ocr_line' id='line_1_13' title="bbox 405 1815 1467 1912; baseline -0.001 -28"><span class='ocrx_word' id='word_1_85' title='bbox 405 1830 521 1886; x_wconf 83' lang='lat' dir='ltr'><strong>natum</strong></span> <span class='ocrx_word' id='word_1_86' title='bbox 542 1819 649 1886; x_wconf 86' lang='lat' dir='ltr'><strong>securi</strong></span> <span class='ocrx_word' id='word_1_87' title='bbox 665 1831 887 1910; x_wconf 70' lang='lat' dir='ltr'><strong>percusserat,</strong></span> <span class='ocrx_word' id='word_1_88' title='bbox 899 1831 1048 1912; x_wconf 87' lang='lat' dir='ltr'><strong>tempore</strong></span> <span class='ocrx_word' id='word_1_89' title='bbox 1070 1815 1220 1912; x_wconf 86' lang='lat' dir='ltr'><strong>supplicii</strong></span> <span class='ocrx_word' id='word_1_90' title='bbox 1235 1815 1277 1885; x_wconf 81' lang='lat' dir='ltr'><strong>ad</strong></span> <span class='ocrx_word' id='word_1_91' title='bbox 1291 1815 1467 1884; x_wconf 82' lang='lat' dir='ltr'><strong>arbitrium</strong></span> 
     </span>
     <span class='ocr_line' id='line_1_14' title="bbox 405 1919 1466 2026; baseline -0.001 -36"><span class='ocrx_word' id='word_1_92' title='bbox 405 1937 440 1992; x_wconf 91' lang='lat' dir='ltr'><strong>et</strong></span> <span class='ocrx_word' id='word_1_93' title='bbox 457 1921 681 2026; x_wconf 75' lang='lat' dir='ltr'>spectaculum</span> <span class='ocrx_word' id='word_1_94' title='bbox 703 1920 919 2008; x_wconf 75' lang='lat' dir='ltr'><strong>muliercule,</strong></span> <span class='ocrx_word' id='word_1_95' title='bbox 943 1924 1036 2018; x_wconf 86' lang='lat' dir='ltr'><strong>cujus</strong></span> <span class='ocrx_word' id='word_1_96' title='bbox 1053 1944 1168 1992; x_wconf 86' lang='lat' dir='ltr'><strong>smore</strong></span> <span class='ocrx_word' id='word_1_97' title='bbox 1187 1921 1381 2006; x_wconf 84' lang='lat' dir='ltr'><strong>tenebntur,</strong></span> <span class='ocrx_word' id='word_1_98' title='bbox 1403 1919 1466 1989; x_wconf 87' lang='lat' dir='ltr'><strong>ele·</strong></span> 
     </span>
     <span class='ocr_line' id='line_1_15' title="bbox 406 2027 1468 2123; baseline -0.001 -25"><span class='ocrx_word' id='word_1_99' title='bbox 406 2041 469 2098; x_wconf 88' lang='lat' dir='ltr'><strong>cto.</strong></span> <span class='ocrx_word' id='word_1_100' title='bbox 486 2031 530 2096; x_wconf 87' lang='lat' dir='ltr'><strong>Et</strong></span> <span class='ocrx_word' id='word_1_101' title='bbox 549 2041 679 2123; x_wconf 83' lang='lat' dir='ltr'><strong>poteret</strong></span> <span class='ocrx_word' id='word_1_102' title='bbox 694 2029 834 2098; x_wconf 86' lang='lat' dir='ltr'><strong>inhiberi</strong></span> <span class='ocrx_word' id='word_1_103' title='bbox 850 2044 1001 2122; x_wconf 85' lang='lat' dir='ltr'><strong>respectu</strong></span> <span class='ocrx_word' id='word_1_104' title='bbox 1015 2027 1222 2115; x_wconf 77' lang='lat' dir='ltr'><strong>consulatus,</strong></span> <span class='ocrx_word' id='word_1_105' title='bbox 1236 2053 1336 2122; x_wconf 89' lang='lat' dir='ltr'><strong>quem</strong></span> <span class='ocrx_word' id='word_1_106' title='bbox 1355 2030 1468 2122; x_wconf 76' lang='lat' dir='ltr'><strong>isgee·</strong></span> 
     </span>
     <span class='ocr_line' id='line_1_16' title="bbox 407 2120 1467 2228; baseline -0.002 -27"><span class='ocrx_word' id='word_1_107' title='bbox 407 2149 511 2218; x_wconf 81' lang='lat' dir='ltr'><strong>serat,</strong></span> <span class='ocrx_word' id='word_1_108' title='bbox 532 2148 631 2227; x_wconf 81' lang='lat' dir='ltr'><strong>atque</strong></span> <span class='ocrx_word' id='word_1_109' title='bbox 652 2136 847 2204; x_wconf 83' lang='lat' dir='ltr'><strong>auctoritate</strong></span> <span class='ocrx_word' id='word_1_110' title='bbox 865 2133 975 2204; x_wconf 83' lang='lat' dir='ltr'><strong>fratris</strong></span> <span class='ocrx_word' id='word_1_111' title='bbox 992 2136 1062 2228; x_wconf 85' lang='lat' dir='ltr'><strong>ejus</strong></span> <span class='ocrx_word' id='word_1_112' title='bbox 1074 2137 1116 2202; x_wconf 89' lang='lat' dir='ltr'><strong>V.</strong></span> <span class='ocrx_word' id='word_1_113' title='bbox 1137 2120 1191 2204; x_wconf 84' lang='lat' dir='ltr'><strong>C.³</strong></span> <span class='ocrx_word' id='word_1_114' title='bbox 1208 2138 1245 2202; x_wconf 89' lang='lat' dir='ltr'><strong>T.</strong></span> <span class='ocrx_word' id='word_1_115' title='bbox 1268 2133 1467 2203; x_wconf 78' lang='lat' dir='ltr'><strong>Flaminini:</strong></span> 
     </span>
     <span class='ocr_line' id='line_1_17' title="bbox 407 2237 1469 2335; baseline 0 -28"><span class='ocrx_word' id='word_1_116' title='bbox 407 2237 464 2307; x_wconf 82' lang='lat' dir='ltr'><strong>sed</strong></span> <span class='ocrx_word' id='word_1_117' title='bbox 482 2254 516 2308; x_wconf 89' lang='lat' dir='ltr'><strong>et</strong></span> <span class='ocrx_word' id='word_1_118' title='bbox 537 2261 671 2326; x_wconf 87' lang='lat' dir='ltr'><strong>censor,</strong></span> <span class='ocrx_word' id='word_1_119' title='bbox 690 2254 723 2307; x_wconf 88' lang='lat' dir='ltr'><strong>et</strong></span> <span class='ocrx_word' id='word_1_120' title='bbox 742 2241 845 2329; x_wconf 81' lang='lat' dir='ltr'><strong>Cato,</strong></span> <span class='ocrx_word' id='word_1_121' title='bbox 860 2239 981 2334; x_wconf 86' lang='lat' dir='ltr'><strong>duplex</strong></span> <span class='ocrx_word' id='word_1_122' title='bbox 1003 2243 1185 2310; x_wconf 77' lang='lat' dir='ltr'><strong>severitatis</strong></span> <span class='ocrx_word' id='word_1_123' title='bbox 1202 2239 1411 2335; x_wconf 85' lang='lat' dir='ltr'><strong>exemplum,</strong></span> <span class='ocrx_word' id='word_1_124' title='bbox 1427 2261 1469 2307; x_wconf 86' lang='lat' dir='ltr'><strong>eo</strong></span> 
     </span>
     <span class='ocr_line' id='line_1_18' title="bbox 407 2341 1471 2442; baseline 0 -30"><span class='ocrx_word' id='word_1_125' title='bbox 407 2346 510 2436; x_wconf 83' lang='lat' dir='ltr'><strong>magis</strong></span> <span class='ocrx_word' id='word_1_126' title='bbox 533 2341 624 2412; x_wconf 89' lang='lat' dir='ltr'><strong>illum</strong></span> <span class='ocrx_word' id='word_1_127' title='bbox 647 2343 829 2412; x_wconf 85' lang='lat' dir='ltr'><strong>notandum</strong></span> <span class='ocrx_word' id='word_1_128' title='bbox 851 2349 985 2434; x_wconf 76' lang='lat' dir='ltr'><strong>statuit,</strong></span> <span class='ocrx_word' id='word_1_129' title='bbox 1003 2345 1093 2440; x_wconf 92' lang='lat' dir='ltr'><strong>quod</strong></span> <span class='ocrx_word' id='word_1_130' title='bbox 1117 2345 1308 2442; x_wconf 78' lang='lat' dir='ltr'><strong>amplissimi</strong></span> <span class='ocrx_word' id='word_1_131' title='bbox 1331 2346 1471 2416; x_wconf 89' lang='lat' dir='ltr'><strong>honoris</strong></span> 
     </span>
     <span class='ocr_line' id='line_1_19' title="bbox 407 2447 1471 2547; baseline 0 -31"><span class='ocrx_word' id='word_1_132' title='bbox 407 2447 610 2540; x_wconf 76' lang='lat' dir='ltr'><strong>majestatem</strong></span> <span class='ocrx_word' id='word_1_133' title='bbox 633 2463 702 2518; x_wconf 85' lang='lat' dir='ltr'><strong>tam</strong></span> <span class='ocrx_word' id='word_1_134' title='bbox 731 2463 817 2518; x_wconf 89' lang='lat' dir='ltr'><strong>tetro</strong></span> <span class='ocrx_word' id='word_1_135' title='bbox 842 2450 987 2519; x_wconf 79' lang='lat' dir='ltr'><strong>facinore</strong></span> <span class='ocrx_word' id='word_1_136' title='bbox 1010 2454 1262 2546; x_wconf 78' lang='lat' dir='ltr'><strong>inquinaverat,</strong></span> <span class='ocrx_word' id='word_1_137' title='bbox 1288 2475 1353 2522; x_wconf 85' lang='lat' dir='ltr'><strong>nec</strong></span> <span class='ocrx_word' id='word_1_138' title='bbox 1376 2453 1471 2547; x_wconf 85' lang='lat' dir='ltr'><strong>pensi</strong></span> 
     </span>
    </p>
   </div>
   <div class='ocr_carea' id='block_1_3' title="bbox 408 2539 1472 2648">
    <p class='ocr_par' dir='ltr' id='par_1_4' title="bbox 408 2539 1472 2648">
     <span class='ocr_line' id='line_1_20' title="bbox 408 2539 1472 2648; baseline 0.005 -28"><span class='ocrx_word' id='word_1_139' title='bbox 408 2539 573 2640; x_wconf 72' lang='lat' dir='ltr'><strong>duserat⁴‚</strong></span> <span class='ocrx_word' id='word_1_140' title='bbox 582 2552 698 2622; x_wconf 85' lang='lat' dir='ltr'><strong>iisdem</strong></span> <span class='ocrx_word' id='word_1_141' title='bbox 714 2555 910 2648; x_wconf 75' lang='lat' dir='ltr'><strong>imaginibus</strong></span> <span class='ocrx_word' id='word_1_142' title='bbox 925 2556 1067 2626; x_wconf 79' lang='lat' dir='ltr'><strong>adscribi</strong></span> <span class='ocrx_word' id='word_1_143' title='bbox 1081 2560 1261 2628; x_wconf 83' lang='lat' dir='ltr'><strong>meretricis</strong></span> <span class='ocrx_word' id='word_1_144' title='bbox 1276 2557 1393 2628; x_wconf 89' lang='lat' dir='ltr'><strong>oculos</strong></span> <span class='ocrx_word' id='word_1_145' title='bbox 1407 2559 1472 2626; x_wconf 88' lang='lat' dir='ltr'><strong>hu·</strong></span> 
     </span>
    </p>
   </div>
   <div class='ocr_carea' id='block_1_4' title="bbox 408 2752 1475 3546">
    <p class='ocr_par' dir='ltr' id='par_1_5' title="bbox 408 2752 1475 3304">
     <span class='ocr_line' id='line_1_21' title="bbox 408 2752 1472 2832; baseline 0.012 -29"><span class='ocrx_word' id='word_1_146' title='bbox 408 2770 466 2822; x_wconf 81' lang='lat' dir='ltr'><strong>qnae</strong></span> <span class='ocrx_word' id='word_1_147' title='bbox 486 2752 589 2804; x_wconf 74' lang='lat' dir='ltr'><strong>mulctes</strong></span> <span class='ocrx_word' id='word_1_148' title='bbox 603 2752 711 2804; x_wconf 85' lang='lat' dir='ltr'><strong>nornine</strong></span> <span class='ocrx_word' id='word_1_149' title='bbox 726 2753 801 2806; x_wconf 83' lang='lat' dir='ltr'><strong>inviti</strong></span> <span class='ocrx_word' id='word_1_150' title='bbox 817 2753 915 2826; x_wconf 87' lang='lat' dir='ltr'><strong>pende·</strong></span> <span class='ocrx_word' id='word_1_151' title='bbox 957 2775 1007 2828; x_wconf 93' lang='lat' dir='ltr'><strong>pro</strong></span> <span class='ocrx_word' id='word_1_152' title='bbox 1021 2770 1114 2812; x_wconf 83' lang='lat' dir='ltr'><strong>nostre</strong></span> <span class='ocrx_word' id='word_1_153' title='bbox 1128 2757 1255 2824; x_wconf 88' lang='lat' dir='ltr'><strong>lectione,</strong></span> <span class='ocrx_word' id='word_1_154' title='bbox 1268 2773 1295 2814; x_wconf 89' lang='lat' dir='ltr'><strong>et</strong></span> <span class='ocrx_word' id='word_1_155' title='bbox 1311 2779 1381 2832; x_wconf 67' lang='lat' dir='ltr'><strong>sepe</strong></span> <span class='ocrx_word' id='word_1_156' title='bbox 1394 2759 1472 2830; x_wconf 68' lang='lat' dir='ltr'><strong>Piflh·</strong></span> 
     </span>
     <span class='ocr_line' id='line_1_22' title="bbox 408 2827 1475 2908; baseline 0.01 -27"><span class='ocrx_word' id='word_1_157' title='bbox 408 2831 479 2882; x_wconf 74' lang='lat' dir='ltr'><strong>bunt.</strong></span> <span class='ocrx_word' id='word_1_158' title='bbox 500 2828 593 2882; x_wconf 84' lang='lat' dir='ltr'><strong>Nodos</strong></span> <span class='ocrx_word' id='word_1_159' title='bbox 606 2831 676 2883; x_wconf 86' lang='lat' dir='ltr'><strong>enim</strong></span> <span class='ocrx_word' id='word_1_160' title='bbox 691 2851 740 2904; x_wconf 93' lang='lat' dir='ltr'><strong>pro</strong></span> <span class='ocrx_word' id='word_1_161' title='bbox 760 2827 915 2888; x_wconf 76' lang='lat' dir='ltr'><strong>difficultate</strong></span> <span class='ocrx_word' id='word_1_162' title='bbox 957 2849 1052 2908; x_wconf 76' lang='lat' dir='ltr'><strong>preter</strong></span> <span class='ocrx_word' id='word_1_163' title='bbox 1073 2839 1254 2892; x_wconf 71' lang='lat' dir='ltr'><strong>necessitatem</strong></span> <span class='ocrx_word' id='word_1_164' title='bbox 1276 2840 1391 2892; x_wconf 75' lang='lat' dir='ltr'><strong>mutavit</strong></span> <span class='ocrx_word' id='word_1_165' title='bbox 1410 2857 1475 2892; x_wconf 87' lang='lat' dir='ltr'><strong>con·</strong></span> 
     </span>
     <span class='ocr_line' id='line_1_23' title="bbox 409 2909 1472 2990; baseline 0.009 -31"><span class='ocrx_word' id='word_1_166' title='bbox 409 2909 526 2980; x_wconf 81' lang='lat' dir='ltr'><strong>ponitur.</strong></span> <span class='ocrx_word' id='word_1_167' title='bbox 545 2909 678 2962; x_wconf 85' lang='lat' dir='ltr'><strong>Oliverius</strong></span> <span class='ocrx_word' id='word_1_168' title='bbox 687 2923 775 2982; x_wconf 77' lang='lat' dir='ltr'><strong>putet,</strong></span> <span class='ocrx_word' id='word_1_169' title='bbox 791 2929 855 2965; x_wconf 79' lang='lat' dir='ltr'><strong>voce</strong></span> <span class='ocrx_word' id='word_1_170' title='bbox 874 2933 916 2965; x_wconf 82' lang='lat' dir='ltr'><strong>uo·</strong></span> <span class='ocrx_word' id='word_1_171' title='bbox 957 2914 1257 2980; x_wconf 81' lang='lat' dir='ltr'><strong>textnm‚dumoovuru</strong></span> <span class='ocrx_word' id='word_1_172' title='bbox 1265 2919 1472 2990; x_wconf 78' lang='lat' dir='ltr'><strong>putetincbosri</strong></span> 
     </span>
     <span class='ocr_line' id='line_1_24' title="bbox 409 2987 1475 3067; baseline 0.01 -28"><span class='ocrx_word' id='word_1_173' title='bbox 409 2987 491 3040; x_wconf 60' lang='lat' dir='ltr'><strong>msam</strong></span> <span class='ocrx_word' id='word_1_174' title='bbox 517 2989 654 3042; x_wconf 86' lang='lat' dir='ltr'><strong>Velerium</strong></span> <span class='ocrx_word' id='word_1_175' title='bbox 680 2989 801 3043; x_wconf 76' lang='lat' dir='ltr'><strong>celibum</strong></span> <span class='ocrx_word' id='word_1_176' title='bbox 830 2993 915 3045; x_wconf 81' lang='lat' dir='ltr'><strong>everi·</strong></span> <span class='ocrx_word' id='word_1_177' title='bbox 957 2995 1120 3066; x_wconf 71' lang='lat' dir='ltr'><strong>exemplum</strong></span> <span class='ocrx_word' id='word_1_178' title='bbox 1138 3014 1222 3067; x_wconf 82' lang='lat' dir='ltr'><strong>quum</strong></span> <span class='ocrx_word' id='word_1_179' title='bbox 1234 3001 1379 3052; x_wconf 71' lang='lat' dir='ltr'><strong>munimem</strong></span> <span class='ocrx_word' id='word_1_180' title='bbox 1389 2995 1475 3050; x_wconf 79' lang='lat' dir='ltr'><strong>estill-</strong></span> 
     </span>
     <span class='ocr_line' id='line_1_25' title="bbox 410 3067 1473 3145; baseline 0.011 -26"><span class='ocrx_word' id='word_1_181' title='bbox 410 3067 472 3120; x_wconf 80' lang='lat' dir='ltr'><strong>tinm</strong></span> <span class='ocrx_word' id='word_1_182' title='bbox 486 3085 619 3132; x_wconf 65' lang='lat' dir='ltr'><strong>accusem</strong></span> <span class='ocrx_word' id='word_1_183' title='bbox 632 3067 705 3140; x_wconf 89' lang='lat' dir='ltr'><strong>quod</strong></span> <span class='ocrx_word' id='word_1_184' title='bbox 714 3069 840 3122; x_wconf 82' lang='lat' dir='ltr'><strong>nimirum</strong></span> <span class='ocrx_word' id='word_1_185' title='bbox 854 3069 914 3124; x_wconf 89' lang='lat' dir='ltr'><strong>ideo</strong></span> <span class='ocrx_word' id='word_1_186' title='bbox 957 3074 991 3126; x_wconf 89' lang='lat' dir='ltr'><strong>cii</strong></span> <span class='ocrx_word' id='word_1_187' title='bbox 1002 3075 1043 3126; x_wconf 90' lang='lat' dir='ltr'><strong>sui</strong></span> <span class='ocrx_word' id='word_1_188' title='bbox 1052 3088 1154 3145; x_wconf 74' lang='lat' dir='ltr'><strong>partem</strong></span> <span class='ocrx_word' id='word_1_189' title='bbox 1164 3089 1258 3130; x_wconf 73' lang='lat' dir='ltr'><strong>unctor</strong></span> <span class='ocrx_word' id='word_1_190' title='bbox 1268 3077 1297 3129; x_wconf 89' lang='lat' dir='ltr'><strong>in</strong></span> <span class='ocrx_word' id='word_1_191' title='bbox 1310 3089 1473 3130; x_wconf 84' lang='lat' dir='ltr'><strong>connecten-</strong></span> 
     </span>
     <span class='ocr_line' id='line_1_26' title="bbox 408 3145 1474 3226; baseline 0.008 -28"><span class='ocrx_word' id='word_1_192' title='bbox 408 3146 510 3198; x_wconf 75' lang='lat' dir='ltr'><strong>celibes</strong></span> <span class='ocrx_word' id='word_1_193' title='bbox 530 3147 665 3210; x_wconf 84' lang='lat' dir='ltr'><strong>viverent,</strong></span> <span class='ocrx_word' id='word_1_194' title='bbox 688 3145 761 3217; x_wconf 87' lang='lat' dir='ltr'><strong>quod</strong></span> <span class='ocrx_word' id='word_1_195' title='bbox 780 3149 915 3214; x_wconf 84' lang='lat' dir='ltr'><strong>timerent,</strong></span> <span class='ocrx_word' id='word_1_196' title='bbox 957 3149 997 3204; x_wconf 88' lang='lat' dir='ltr'><strong>dis</strong></span> <span class='ocrx_word' id='word_1_197' title='bbox 1012 3152 1153 3208; x_wconf 84' lang='lat' dir='ltr'><strong>commode</strong></span> <span class='ocrx_word' id='word_1_198' title='bbox 1166 3169 1194 3210; x_wconf 91' lang='lat' dir='ltr'><strong>et</strong></span> <span class='ocrx_word' id='word_1_199' title='bbox 1208 3169 1302 3226; x_wconf 73' lang='lat' dir='ltr'><strong>ergnte</strong></span> <span class='ocrx_word' id='word_1_200' title='bbox 1313 3158 1474 3210; x_wconf 76' lang='lat' dir='ltr'><strong>trmeitione</strong></span> 
     </span>
     <span class='ocr_line' id='line_1_27' title="bbox 410 3225 1358 3304; baseline 0.014 -29"><span class='ocrx_word' id='word_1_201' title='bbox 410 3237 440 3276; x_wconf 88' lang='lat' dir='ltr'><strong>ut</strong></span> <span class='ocrx_word' id='word_1_202' title='bbox 453 3242 563 3276; x_wconf 80' lang='lat' dir='ltr'><strong>uxorem</strong></span> <span class='ocrx_word' id='word_1_203' title='bbox 576 3236 602 3276; x_wconf 88' lang='lat' dir='ltr'><strong>et</strong></span> <span class='ocrx_word' id='word_1_204' title='bbox 612 3225 709 3278; x_wconf 84' lang='lat' dir='ltr'><strong>liberos</strong></span> <span class='ocrx_word' id='word_1_205' title='bbox 719 3227 788 3279; x_wconf 82' lang='lat' dir='ltr'><strong>elere</strong></span> <span class='ocrx_word' id='word_1_206' title='bbox 799 3242 914 3299; x_wconf 79' lang='lat' dir='ltr'><strong>possent.</strong></span> <span class='ocrx_word' id='word_1_207' title='bbox 957 3231 1083 3302; x_wconf 81' lang='lat' dir='ltr'><strong>exemplis</strong></span> <span class='ocrx_word' id='word_1_208' title='bbox 1097 3235 1209 3304; x_wconf 65' lang='lat' dir='ltr'><strong>positam</strong></span> <span class='ocrx_word' id='word_1_209' title='bbox 1224 3235 1358 3288; x_wconf 76' lang='lat' dir='ltr'><strong>babuerit.</strong></span> 
     </span>
    </p>

    <p class='ocr_par' dir='ltr' id='par_1_6' title="bbox 410 3301 1474 3546">
     <span class='ocr_line' id='line_1_28' title="bbox 410 3301 1473 3379; baseline 0.009 -23"><span class='ocrx_word' id='word_1_210' title='bbox 410 3301 461 3356; x_wconf 85' lang='lat' dir='ltr'><strong>Sed</strong></span> <span class='ocrx_word' id='word_1_211' title='bbox 481 3303 533 3356; x_wconf 91' lang='lat' dir='ltr'><strong>boc</strong></span> <span class='ocrx_word' id='word_1_212' title='bbox 554 3321 609 3354; x_wconf 89' lang='lat' dir='ltr'><strong>non</strong></span> <span class='ocrx_word' id='word_1_213' title='bbox 631 3304 659 3356; x_wconf 87' lang='lat' dir='ltr'><strong>in</strong></span> <span class='ocrx_word' id='word_1_214' title='bbox 683 3323 774 3358; x_wconf 79' lang='lat' dir='ltr'><strong>ornnes</strong></span> <span class='ocrx_word' id='word_1_215' title='bbox 795 3305 915 3377; x_wconf 71' lang='lat' dir='ltr'><strong>quadret.</strong></span> <span class='ocrx_word' id='word_1_216' title='bbox 999 3309 1026 3362; x_wconf 82' lang='lat'><strong>3.</strong></span> <span class='ocrx_word' id='word_1_217' title='bbox 1042 3311 1075 3362; x_wconf 83' lang='lat' dir='ltr'><strong>V.</strong></span> <span class='ocrx_word' id='word_1_218' title='bbox 1093 3311 1123 3366; x_wconf 80' lang='lat' dir='ltr'><strong>C.</strong></span> <span class='ocrx_word' id='word_1_219' title='bbox 1144 3312 1176 3366; x_wconf 89' lang='lat' dir='ltr'><strong>ld</strong></span> <span class='ocrx_word' id='word_1_220' title='bbox 1188 3327 1240 3379; x_wconf 81' lang='lat' dir='ltr'><strong>eet,</strong></span> <span class='ocrx_word' id='word_1_221' title='bbox 1258 3315 1312 3368; x_wconf 81' lang='lat' dir='ltr'><strong>viri</strong></span> <span class='ocrx_word' id='word_1_222' title='bbox 1323 3315 1473 3370; x_wconf 77' lang='lat' dir='ltr'><strong>cleriteinri.</strong></span> 
     </span>
     <span class='ocr_line' id='line_1_29' title="bbox 411 3383 1473 3459; baseline 0.012 -25"><span class='ocrx_word' id='word_1_223' title='bbox 411 3383 482 3454; x_wconf 88' lang='lat' dir='ltr'><strong>Lipe.</strong></span> <span class='ocrx_word' id='word_1_224' title='bbox 495 3383 736 3453; x_wconf 70' lang='lat' dir='ltr'><strong>numerosamleqere</strong></span> <span class='ocrx_word' id='word_1_225' title='bbox 743 3385 858 3450; x_wconf 73' lang='lat' dir='ltr'><strong>mavult,</strong></span> <span class='ocrx_word' id='word_1_226' title='bbox 870 3384 915 3438; x_wconf 83' lang='lat' dir='ltr'><strong>sed</strong></span> <span class='ocrx_word' id='word_1_227' title='bbox 959 3418 998 3428; x_wconf 94' lang='lat'>-</span> <span class='ocrx_word' id='word_1_228' title='bbox 1017 3389 1048 3442; x_wconf 89' lang='grc' dir='ltr'><strong>Τ.</strong></span> <span class='ocrx_word' id='word_1_229' title='bbox 1064 3391 1206 3448; x_wconf 51' lang='lat' dir='ltr'><strong>Flammas.</strong></span> <span class='ocrx_word' id='word_1_230' title='bbox 1222 3395 1278 3459; x_wconf 82' lang='lat' dir='ltr'><strong>Qui</strong></span> <span class='ocrx_word' id='word_1_231' title='bbox 1297 3406 1383 3448; x_wconf 79' lang='lat' dir='ltr'><strong>toten</strong></span> <span class='ocrx_word' id='word_1_232' title='bbox 1396 3394 1473 3448; x_wconf 73' lang='lat' dir='ltr'><strong>Grn-</strong></span> 
     </span>
     <span class='ocr_line' id='line_1_30' title="bbox 411 3459 1474 3546; baseline 0.016 -32"><span class='ocrx_word' id='word_1_233' title='bbox 411 3461 567 3514; x_wconf 79' lang='lat' dir='ltr'><strong>suctoritete</strong></span> <span class='ocrx_word' id='word_1_234' title='bbox 582 3459 660 3514; x_wconf 86' lang='lat' dir='ltr'><strong>codd.</strong></span> <span class='ocrx_word' id='word_1_235' title='bbox 674 3480 728 3514; x_wconf 89' lang='lat' dir='ltr'><strong>non</strong></span> <span class='ocrx_word' id='word_1_236' title='bbox 739 3463 872 3518; x_wconf 77' lang='lat' dir='ltr'><strong>suffultus.</strong></span> <span class='ocrx_word' id='word_1_237' title='bbox 959 3467 1026 3520; x_wconf 80' lang='lat' dir='ltr'><strong>cisun</strong></span> <span class='ocrx_word' id='word_1_238' title='bbox 1042 3470 1180 3540; x_wconf 74' lang='lat' dir='ltr'><strong>subegeret</strong></span> <span class='ocrx_word' id='word_1_239' title='bbox 1196 3486 1224 3527; x_wconf 85' lang='lat' dir='ltr'><strong>et</strong></span> <span class='ocrx_word' id='word_1_240' title='bbox 1238 3473 1369 3546; x_wconf 83' lang='lat' dir='ltr'><strong>Philippo</strong></span> <span class='ocrx_word' id='word_1_241' title='bbox 1383 3473 1474 3528; x_wconf 76' lang='lat' dir='ltr'><strong>Msoe·</strong></span> 
     </span>
    </p>
   </div>
   <div class='ocr_carea' id='block_1_5' title="bbox 414 3541 1475 3690">
    <p class='ocr_par' dir='ltr' id='par_1_7' title="bbox 414 3541 1475 3690">
     <span class='ocr_line' id='line_1_31' title="bbox 455 3541 1475 3625; baseline 0.019 -35"><span class='ocrx_word' id='word_1_242' title='bbox 455 3557 479 3592; x_wconf 89' lang='grc' dir='ltr'><strong>ι.</strong></span> <span class='ocrx_word' id='word_1_243' title='bbox 496 3541 662 3604; x_wconf 83' lang='lat' dir='ltr'><strong>Horum,etc.</strong></span> <span class='ocrx_word' id='word_1_244' title='bbox 678 3542 728 3592; x_wconf 80' lang='lat' dir='ltr'><strong>An.</strong></span> <span class='ocrx_word' id='word_1_245' title='bbox 747 3541 781 3594; x_wconf 87' lang='lat' dir='ltr'><strong>U.</strong></span> <span class='ocrx_word' id='word_1_246' title='bbox 796 3545 862 3605; x_wconf 69' lang='grc'><strong>646.</strong></span> <span class='ocrx_word' id='word_1_247' title='bbox 877 3544 917 3598; x_wconf 84' lang='lat' dir='ltr'><strong>De</strong></span> <span class='ocrx_word' id='word_1_248' title='bbox 959 3543 1060 3600; x_wconf 80' lang='lat' dir='ltr'><strong>donum</strong></span> <span class='ocrx_word' id='word_1_249' title='bbox 1072 3551 1128 3620; x_wconf 71' lang='lat' dir='ltr'><strong>regi</strong></span> <span class='ocrx_word' id='word_1_250' title='bbox 1141 3569 1263 3623; x_wconf 67' lang='lat' dir='ltr'><strong>megum</strong></span> <span class='ocrx_word' id='word_1_251' title='bbox 1278 3554 1355 3625; x_wconf 63' lang='lat' dir='ltr'><strong>repsi</strong></span> <span class='ocrx_word' id='word_1_252' title='bbox 1369 3565 1475 3624; x_wconf 74' lang='lat' dir='ltr'><strong>portem</strong></span> 
     </span>
     <span class='ocr_line' id='line_1_32' title="bbox 414 3617 1098 3690; baseline 0.018 -22"><span class='ocrx_word' id='word_1_253' title='bbox 414 3618 510 3687; x_wconf 71' lang='lat' dir='ltr'><strong>repudio</strong></span> <span class='ocrx_word' id='word_1_254' title='bbox 523 3617 582 3670; x_wconf 86' lang='lat' dir='ltr'><strong>vide</strong></span> <span class='ocrx_word' id='word_1_255' title='bbox 595 3637 667 3690; x_wconf 88' lang='lat' dir='ltr'><strong>supr.</strong></span> <span class='ocrx_word' id='word_1_256' title='bbox 683 3619 724 3682; x_wconf 88' lang='lat'><strong>11,</strong></span> <span class='ocrx_word' id='word_1_257' title='bbox 741 3637 772 3682; x_wconf 87' lang='lat' dir='ltr'><strong>r,</strong></span> <span class='ocrx_word' id='word_1_258' title='bbox 791 3628 819 3684; x_wconf 71' lang='grc'><strong>4.</strong></span> <span class='ocrx_word' id='word_1_259' title='bbox 960 3622 1098 3680; x_wconf 81' lang='lat' dir='ltr'><strong>edernernt.</strong></span> 
     </span>
    </p>
   </div>
   <div class='ocr_carea' id='block_1_6' title="bbox 414 3696 1482 4258">
    <p class='ocr_par' dir='ltr' id='par_1_8' title="bbox 414 3696 1482 4258">
     <span class='ocr_line' id='line_1_33' title="bbox 455 3696 1477 3769; baseline 0.02 -24"><span class='ocrx_word' id='word_1_260' title='bbox 455 3696 560 3758; x_wconf 81' lang='lat' dir='ltr'><strong>n.Sicut‚</strong></span> <span class='ocrx_word' id='word_1_261' title='bbox 568 3697 917 3766; x_wconf 76' lang='lat' dir='ltr'><strong>etc.An.U.569.Vid.1.iv.</strong></span> <span class='ocrx_word' id='word_1_262' title='bbox 1000 3711 1027 3769; x_wconf 68' lang='grc'><strong>4.</strong></span> <span class='ocrx_word' id='word_1_263' title='bbox 1049 3705 1124 3760; x_wconf 73' lang='lat' dir='ltr'><strong>Pensa·</strong></span> <span class='ocrx_word' id='word_1_264' title='bbox 1144 3709 1255 3764; x_wconf 68' lang='lat' dir='ltr'><strong>demeret.</strong></span> <span class='ocrx_word' id='word_1_265' title='bbox 1277 3711 1360 3766; x_wconf 77' lang='lat' dir='ltr'><strong>Penei</strong></span> <span class='ocrx_word' id='word_1_266' title='bbox 1376 3709 1477 3764; x_wconf 79' lang='lat' dir='ltr'><strong>ducere</strong></span> 
     </span>
     <span class='ocr_line' id='line_1_34' title="bbox 417 3773 1478 3862; baseline 0.022 -39"><span class='ocrx_word' id='word_1_267' title='bbox 417 3773 545 3838; x_wconf 77' lang='lat' dir='ltr'>XXXIX,</span> <span class='ocrx_word' id='word_1_268' title='bbox 559 3779 593 3828; x_wconf 75' lang='lat'><strong>6²</strong></span> <span class='ocrx_word' id='word_1_269' title='bbox 602 3798 609 3838; x_wconf 67' lang='grc' dir='ltr'>ς</span> <span class='ocrx_word' id='word_1_270' title='bbox 619 3775 724 3829; x_wconf 71' lang='lat' dir='ltr'><strong>Pluuio</strong></span> <span class='ocrx_word' id='word_1_271' title='bbox 730 3775 788 3830; x_wconf 83' lang='lat' dir='ltr'><strong>Cet.</strong></span> <span class='ocrx_word' id='word_1_272' title='bbox 797 3777 873 3849; x_wconf 70' lang='lat' dir='ltr'><strong>Pigb.</strong></span> <span class='ocrx_word' id='word_1_273' title='bbox 886 3798 918 3832; x_wconf 81' lang='lat' dir='ltr'><strong>ex</strong></span> <span class='ocrx_word' id='word_1_274' title='bbox 960 3801 1005 3836; x_wconf 86' lang='lat' dir='ltr'><strong>seu</strong></span> <span class='ocrx_word' id='word_1_275' title='bbox 1020 3783 1118 3839; x_wconf 82' lang='lat' dir='ltr'><strong>bebere</strong></span> <span class='ocrx_word' id='word_1_276' title='bbox 1131 3785 1219 3854; x_wconf 78' lang='lat' dir='ltr'><strong>idem,</strong></span> <span class='ocrx_word' id='word_1_277' title='bbox 1235 3789 1311 3862; x_wconf 87' lang='lat' dir='ltr'><strong>qnod</strong></span> <span class='ocrx_word' id='word_1_278' title='bbox 1329 3791 1478 3854; x_wconf 66' lang='lat' dir='ltr'><strong>utinm</strong></span> 
     </span>
     <span class='ocr_line' id='line_1_35' title="bbox 414 3849 1478 3940; baseline 0.025 -38"><span class='ocrx_word' id='word_1_279' title='bbox 414 3849 472 3902; x_wconf 91' lang='lat' dir='ltr'><strong>cod.</strong></span> <span class='ocrx_word' id='word_1_280' title='bbox 489 3852 588 3905; x_wconf 85' lang='lat' dir='ltr'><strong>Cnucb.</strong></span> <span class='ocrx_word' id='word_1_281' title='bbox 606 3873 656 3925; x_wconf 93' lang='lat' dir='ltr'><strong>pro</strong></span> <span class='ocrx_word' id='word_1_282' title='bbox 676 3860 738 3906; x_wconf 75' lang='lat' dir='ltr'><strong>sicot</strong></span> <span class='ocrx_word' id='word_1_283' title='bbox 751 3853 856 3910; x_wconf 86' lang='lat' dir='ltr'><strong>edidit:</strong></span> <span class='ocrx_word' id='word_1_284' title='bbox 877 3857 920 3910; x_wconf 79' lang='lat' dir='ltr'><strong>Sic</strong></span> <span class='ocrx_word' id='word_1_285' title='bbox 962 3863 1143 3933; x_wconf 72' lang='lat' dir='ltr'><strong>perpendere,</strong></span> <span class='ocrx_word' id='word_1_286' title='bbox 1155 3867 1316 3938; x_wconf 65' lang='lat' dir='ltr'><strong>pondernre.</strong></span> <span class='ocrx_word' id='word_1_287' title='bbox 1327 3901 1371 3914; x_wconf 84' lang='lat'><strong>--</strong></span> <span class='ocrx_word' id='word_1_288' title='bbox 1381 3871 1478 3940; x_wconf 65' lang='lat' dir='ltr'><strong>lugi·</strong></span> 
     </span>
     <span class='ocr_line' id='line_1_36' title="bbox 415 3927 1478 4019; baseline 0.021 -41"><span class='ocrx_word' id='word_1_289' title='bbox 415 3927 565 4019; x_wconf 56' lang='lat' dir='ltr'><strong>unrocus</strong></span> <span class='ocrx_word' id='word_1_290' title='bbox 578 3931 655 3998; x_wconf 59' lang='lat' dir='ltr'><strong>(luto,u</strong></span> <span class='ocrx_word' id='word_1_291' title='bbox 665 3952 764 3988; x_wconf 83' lang='lat' dir='ltr'><strong>novum</strong></span> <span class='ocrx_word' id='word_1_292' title='bbox 775 3935 919 4002; x_wconf 82' lang='lat' dir='ltr'><strong>enim‚eit,</strong></span> <span class='ocrx_word' id='word_1_293' title='bbox 963 3940 1041 3998; x_wconf 73' lang='lat' dir='ltr'><strong>nidus.</strong></span> <span class='ocrx_word' id='word_1_294' title='bbox 1050 3943 1400 4018; x_wconf 65' lang='lat' dir='ltr'><strong>tmimsginumnobitibus</strong></span> <span class='ocrx_word' id='word_1_295' title='bbox 1406 3967 1478 4002; x_wconf 80' lang='lat' dir='ltr'><strong>roro.</strong></span> 
     </span>
     <span class='ocr_line' id='line_1_37' title="bbox 415 4011 1480 4100; baseline 0.027 -45"><span class='ocrx_word' id='word_1_296' title='bbox 415 4021 508 4096; x_wconf 64' lang='lat' dir='ltr'><strong>incipit</strong></span> <span class='ocrx_word' id='word_1_297' title='bbox 529 4011 701 4097; x_wconf 72' lang='lat' dir='ltr'><strong>exemplum,</strong></span> <span class='ocrx_word' id='word_1_298' title='bbox 719 4014 864 4085; x_wconf 80' lang='lat' dir='ltr'><strong>meliusque</strong></span> <span class='ocrx_word' id='word_1_299' title='bbox 885 4019 920 4068; x_wconf 68' lang='grc' dir='ltr'><strong>εἰσ</strong></span> <span class='ocrx_word' id='word_1_300' title='bbox 963 4022 1118 4093; x_wconf 82' lang='lat' dir='ltr'><strong>proprium,</strong></span> <span class='ocrx_word' id='word_1_301' title='bbox 1146 4025 1362 4100; x_wconf 66' lang='lat' dir='ltr'><strong>imaginibusque</strong></span> <span class='ocrx_word' id='word_1_302' title='bbox 1391 4029 1480 4082; x_wconf 81' lang='lat' dir='ltr'><strong>nomi·</strong></span> 
     </span>
     <span class='ocr_line' id='line_1_38' title="bbox 416 4086 1481 4173; baseline 0.024 -39"><span class='ocrx_word' id='word_1_303' title='bbox 416 4097 492 4136; x_wconf 81' lang='lat' dir='ltr'><strong>mitro</strong></span> <span class='ocrx_word' id='word_1_304' title='bbox 507 4086 611 4156; x_wconf 82' lang='lat' dir='ltr'><strong>periodi</strong></span> <span class='ocrx_word' id='word_1_305' title='bbox 626 4091 748 4142; x_wconf 75' lang='lat' dir='ltr'><strong>collocari</strong></span> <span class='ocrx_word' id='word_1_306' title='bbox 764 4106 847 4156; x_wconf 80' lang='lat' dir='ltr'><strong>putet.</strong></span> <span class='ocrx_word' id='word_1_307' title='bbox 864 4093 919 4146; x_wconf 82' lang='lat' dir='ltr'><strong>Ve·</strong></span> <span class='ocrx_word' id='word_1_308' title='bbox 962 4117 997 4150; x_wconf 78' lang='lat' dir='ltr'><strong>na</strong></span> <span class='ocrx_word' id='word_1_309' title='bbox 1010 4118 1039 4155; x_wconf 84' lang='lat' dir='ltr'><strong>sc</strong></span> <span class='ocrx_word' id='word_1_310' title='bbox 1050 4120 1091 4154; x_wconf 84' lang='lat' dir='ltr'><strong>ree</strong></span> <span class='ocrx_word' id='word_1_311' title='bbox 1101 4117 1179 4173; x_wconf 74' lang='lat' dir='ltr'><strong>gestie</strong></span> <span class='ocrx_word' id='word_1_312' title='bbox 1189 4105 1421 4162; x_wconf 71' lang='lat' dir='ltr'><strong>ndeuibebentur.</strong></span> <span class='ocrx_word' id='word_1_313' title='bbox 1433 4107 1481 4160; x_wconf 77' lang='lat' dir='ltr'><strong>sic</strong></span> 
     </span>
     <span class='ocr_line' id='line_1_39' title="bbox 416 4166 1482 4258; baseline 0.027 -46"><span class='ocrx_word' id='word_1_314' title='bbox 416 4181 474 4214; x_wconf 88' lang='lat' dir='ltr'><strong>rum</strong></span> <span class='ocrx_word' id='word_1_315' title='bbox 496 4179 587 4216; x_wconf 85' lang='lat' dir='ltr'><strong>omnes</strong></span> <span class='ocrx_word' id='word_1_316' title='bbox 608 4166 703 4236; x_wconf 87' lang='lat' dir='ltr'><strong>reliqui</strong></span> <span class='ocrx_word' id='word_1_317' title='bbox 724 4167 827 4222; x_wconf 84' lang='lat' dir='ltr'><strong>codices</strong></span> <span class='ocrx_word' id='word_1_318' title='bbox 851 4183 919 4226; x_wconf 74' lang='lat' dir='ltr'><strong>stent</strong></span> <span class='ocrx_word' id='word_1_319' title='bbox 963 4177 1042 4247; x_wconf 66' lang='lat' dir='ltr'><strong>igitur</strong></span> <span class='ocrx_word' id='word_1_320' title='bbox 1066 4181 1209 4240; x_wconf 82' lang='lat' dir='ltr'><strong>Fleminini</strong></span> <span class='ocrx_word' id='word_1_321' title='bbox 1233 4187 1398 4258; x_wconf 64' lang='lat' dir='ltr'><strong>imeginibns</strong></span> <span class='ocrx_word' id='word_1_322' title='bbox 1422 4200 1482 4240; x_wconf 80' lang='lat' dir='ltr'><strong>erat</strong></span> 
     </span>
    </p>
   </div>
   <div class='ocr_carea' id='block_1_7' title="bbox 0 0 1607 5132">
    <p class='ocr_par' dir='ltr' id='par_1_9' title="bbox 0 0 1607 5132">
     <span class='ocr_line' id='line_1_40' title="bbox 0 0 1607 5132; baseline 0 0"><span class='ocrx_word' id='word_1_323' title='bbox 0 0 1607 5132; x_wconf 95' lang='lat' dir='ltr'><strong> </strong></span> 
     </span>
    </p>
   </div>
  </div>
 </body>
</html>
