3190 5122
388 543 460 617 292
583 513 808 586 'VALERII
839 513 1047 584 MAXIMI
1080 513 1177 584 LIB.
1211 515 1275 584 lv.

383 677 457 748 quae
475 649 636 745 sequitur:
652 650 686 717 in
705 645 895 744 pervigilio¹
909 645 1058 740 Phryne,
1073 645 1182 715 nobile
1197 647 1335 716 Athenis
1353 671 1448 718 scor-

384 775 477 845 tum,
503 759 597 852 juxta
626 779 702 824 cum
729 755 806 822 vino
835 777 970 847 gravem
1002 751 1180 839 accubuit,
1205 755 1344 848 pignore
1370 779 1447 824 cum

384 863 580 959 quibusdam
598 859 778 956 juvenibus
800 860 922 954 posito,
943 883 985 927 an
1006 859 1256 954 temperantiam
1276 860 1348 953 ejus
1369 884 1447 930 cor·

384 994 539 1065 rumpere
564 983 692 1064 posset3
716 991 815 1060 ιιιιιιιιι
841 989 902 1036 nec
924 979 1030 1052 tactu,
1051 989 1112 1034 nec
1134 989 1285 1035 sermone
1308 965 1446 1061 adsper-

385 1091 498 1164 natus,
513 1074 623 1169 quoad
643 1071 808 1161 voluerat,
826 1073 860 1142 in
873 1072 945 1140 sinu
964 1095 1024 1140 suo
1039 1086 1217 1155 moratam,
1233 1073 1359 1142 irritam
1376 1097 1448 1167 pro-

384 1184 483 1278 positi
507 1181 650 1250 dimisit:
671 1179 796 1248 factum
823 1178 980 1272 sapientia
999 1177 1117 1246 imbuti
1134 1179 1235 1246 animi
1258 1177 1447 1268 abstinens,

386 1289 443 1359 sed
464 1286 680 1357 meretriculae
698 1309 829 1380 quoque
849 1282 973 1352 dictum
993 1307 1153 1378 perquam
1174 1283 1339 1372 facetum3
1358 1285 1447 1356 deri·

386 1395 539 1464 dentibus
557 1395 644 1462 enim
662 1415 696 1461 sc
714 1389 990 1478 adolescentibus,
1010 1391 1088 1486 quia
1102 1403 1170 1458 tam
1187 1389 1351 1477 forrnosa,
1370 1405 1449 1462 tam·

385 1527 450 1596 que
477 1499 608 1594 elegans
631 1493 822 1594 potisenis²
849 1497 995 1565 animum
1024 1495 1185 1565 illecebris
1209 1495 1362 1592 pellicere
1378 1521 1447 1568 non

385 1611 561 1702 potuisset,
589 1619 789 1699 pactumque
810 1603 955 1672 victoriae
980 1603 1122 1698 pretium
1147 1601 1380 1698 flagitantibus,
1399 1604 1446 1673 de

386 1713 521 1783 domme
536 1735 574 1780 se
589 1733 664 1780 cum
685 1714 743 1796 in,
766 1733 835 1778 non
850 1709 894 1778 de
909 1725 1045 1794 statua,
1088 1714 1366 1804 rgnusposunse,
1389 1733 1443 1779 re·

387 1818 530 1914 spondit.
550 1819 704 1886 Potestne
719 1816 789 1884 baec
805 1815 1003 1884 Xenocratis
1021 1817 1224 1884 continentia
1246 1839 1265 1884 a
1280 1841 1444 1909 quoquam

385 1927 490 2020 magis
510 1947 587 1993 vere
602 1923 771 2018 magisque
789 1921 921 2016 proprie
935 1920 1174 2004 demonstrari,
1196 1945 1295 2015 quam
1317 1922 1359 1990 ab
1378 1923 1449 2018 ipsa

386 2029 596 2100 meretricula
617 2051 769 2123 expressa
789 2026 857 2096 est?
870 2027 1001 2148 Phryne
1021 2025 1265 2122 pulchritudine
1280 2052 1339 2097 sua
1359 2025 1449 2098 nulla

387 2151 534 2232 exparte
549 2136 844 2206 constantissimam
859 2134 929 2226 ejus
943 2133 1174 2202 abstinentiam
1188 2133 1350 2203 labefecit.
1359 2134 1449 2223 Quid

386 2269 445 2312 rex
465 2241 650 2310 Alexander
656 2225 687 2306 ³?
713 2264 755 2306 an
778 2224 897 2308 di'vitiis
921 2264 997 2308 eum
1018 2254 1153 2333 quatere
1176 2238 1303 2334 potuit?
1325 2241 1368 2309 ab
1393 2239 1448 2310 illo

387 2373 519 2442 quoque
537 2361 697 2431 statuam,
712 2359 745 2412 et
762 2344 894 2437 quidem
907 2371 999 2440 aeque
1016 2345 1136 2415 frustra
1152 2360 1309 2415 tentatam
1316 2360 1448 2441 ,putes

388 2456 531 2546 Legatos
549 2450 591 2520 ad
611 2475 688 2520 eum
710 2474 786 2518 cum
814 2449 938 2544 aliquot
960 2439 1110 2520 talentis⁴
1132 2453 1280 2521 miserat·
1271 2477 1390 2548 ,quos
1415 2455 1449 2521 in

387 2542 622 2628 Academiam⁵
638 2554 830 2651 perductos,
847 2554 942 2626 solito
956 2557 1040 2641 sibi,
1063 2557 1096 2626 id
1115 2573 1181 2646 est,
1202 2507 1333 2629 modico
1346 2582 1448 2655 appa·

435 2780 459 2814 1.
480 2761 510 2814 In
524 2759 658 2830 pervigilio.
679 2757 731 2810 Alii
746 2757 801 2810 bec
816 2760 897 2812 verba
1001 2799 1007 2812 .
982 2759 1177 2812 3Aleaamier.
1192 2757 1255 2814 Vid.
1268 2759 1339 2815 Plnt.
1351 2760 1386 2815 de
1395 2761 1447 2816 sor·

389 2853 450 2915 post
465 2840 623 2911 eumaeus
637 2841 695 2890 nino
703 2857 800 2908 gravem
815 2839 898 2891 collo·
942 2851 1005 2892 tuna
1018 2838 1108 2904 alem
1124 2841 1180 2894 Cic.
1193 2841 1271 2894 Tusc.
1288 2841 1324 2894 V.

390 2932 459 2975 cant.
484 2920 639 2990 Pervigilium
658 2931 696 2971 est
711 2917 792 2970 totius
813 2919 898 2970 noctis
984 2925 1008 2981 4.
1026 2919 1140 2972 Talentis.
1150 2919 1324 2972 Talentornrn
1335 2921 1449 2974 maxima

391 3001 488 3072 vigilia.
505 3001 545 3052 De
559 2999 656 3071 Phryne
665 2995 719 3050 vid.
730 2997 852 3050 Periaon.
865 2995 899 3050 ad
942 2997 992 3050 luit
1005 2996 1141 3051 diversitas
1153 2999 1186 3051 ab
1201 2999 1356 3070 AEgyptisoo
1369 2998 1449 3052 adsi·

392 3082 489 3134 AElian.
501 3080 556 3141 IX,
572 3079 617 3132 32.
627 3110 662 3120 —
678 3077 774 3130 Nobile.
786 3077 898 3130 Sinistm
942 3077 1031 3130 culum
1043 3093 1141 3148 usqne,
1152 3079 1254 3149 regium
1264 3081 1367 3133 interet
1378 3098 1450 3132 com·

391 3179 482 3224 nasu,
494 3177 545 3230 pro
558 3169 646 3210 notum.
659 3188 698 3200 -
711 3157 754 3210 Aa
769 3169 899 3227 tempemo-
943 3175 1032 3210 mune.
1051 3156 1109 3210 Hoc
1121 3157 1180 3210 loco
1198 3157 1294 3230 duplex
1305 3160 1449 3230 respexisse

345 3271 350 3284 ·
394 3245 459 3292 ιίαηι.
475 3237 592 3290 Pitboeus
603 3255 653 3308 pro
667 3255 699 3286 aa
714 3235 899 3304 reponendam
943 3237 1005 3289 satis
1034 3235 1104 3302 erit,
1127 3241 1242 3299 atticen,
1267 3249 1293 3290 et
1318 3239 1448 3291 meatem

393 3331 468 3390 putat
480 3321 507 3369 m*
516 3357 523 3379 ‚
541 3329 570 3368 nt
584 3322 673 3368 Acron
690 3313 723 3367 ad
739 3315 831 3367 Horat.
846 3315 899 3370 Sat.
943 3317 1026 3386 Majus
1040 3317 1169 3369 talentum
1184 3322 1282 3370 atatem
1296 3319 1399 3372 LXXX
1415 3319 1449 3370 li·

393 3399 438 3461 11,
457 3399 490 3462 3,
505 3415 531 3450 v.
548 3396 619 3460 253,
635 3391 714 3448 dicit:
725 3395 761 3446 Ni
775 3395 902 3446 Xeaocm·
943 3397 1004 3448 bras
1016 3395 1108 3450 babuit
1123 3409 1149 3450 et
1161 3398 1240 3467 paulo
1251 3397 1309 3470 plus
1322 3416 1329 3451 :
1343 3397 1388 3450 alii
1401 3416 1450 3450 nu·

396 3489 441 3528 tem
454 3477 488 3526 ad
500 3479 537 3526 sui
550 3475 690 3528 sollicitaret
702 3493 812 3526 amorem.
944 3487 1046 3528 merant
1056 3477 1200 3528 LXXXIII
1213 3477 1292 3530 libras
1306 3489 1333 3530 et
1346 3477 1387 3529 lv
1401 3497 1449 3530 un·

437 3573 462 3606 a.
484 3556 543 3606 Pori
563 3557 632 3606 senia
650 3555 724 3607 Voce
741 3558 795 3624 poti
817 3553 901 3607 active
944 3547 1004 3608 cias'.
1019 3555 1099 3620 Quod
1112 3558 1134 3610 si
1145 3553 1267 3610 volumui
1278 3555 1312 3609 ad
1325 3574 1448 3609 nummos

394 3635 479 3687 utitur
485 3645 589 3698 auctor,
598 3651 684 3704 neque
691 3631 830 3703 legendum
839 3651 900 3686 cnm
944 3635 1042 3688 reterre
1051 3653 1185 3702 romanos,
1195 3649 1225 3690 ut
1235 3635 1380 3690 Priscianus
1392 3637 1446 3698 ait,

395 3713 492 3768 Colero
511 3712 610 3782 depmti.
624 3713 671 3766 Est
687 3711 793 3785 quidem
810 3713 902 3782 depasti
944 3715 985 3766 vl
1000 3715 1080 3767 millio
1093 3733 1262 3769 nummorum
1277 3733 1448 3768 romanorum

305 3799 311 3810 '
394 3811 441 3848 seu
450 3792 550 3862 depositi
559 3792 660 3864 phrasis
670 3793 841 3858 Plautinum
851 3793 901 3844 mi·
944 3793 1032 3846 habet.
1045 3795 1215 3849 Illioaslibras
1226 3795 1381 3849 babuitLX.
1396 3796 1447 3848 Ta·

394 3872 901 3942 eumprorsnsnonesset,sihorninern
945 3874 1031 3924 hatum
1057 3873 1177 3927 euboicum
1200 3875 1278 3946 paulo
1303 3875 1391 3928 mione
1411 3887 1449 3928 at·

395 3955 454 4003 atino
463 3951 603 4020 depastam,
616 3949 643 4002 id
655 3965 706 4016 est,
722 3955 796 4022 cnjus
812 3971 901 4006 sensus
945 3953 997 4005 tico
1014 3953 1080 4006 l'n'it:
1091 3973 1204 4027 nempe,
1216 3967 1281 4008 teste
1295 3955 1387 4018 Festo,
1407 3953 1447 4006 1v

398 4048 472 4083 mero
482 4042 556 4081 erant
568 4030 632 4082 victi
642 4044 668 4082 et
680 4033 751 4085 velut
765 4032 900 4097 exstincti,
945 4031 1056 4085 millium
1069 4053 1238 4088 nummorum
1252 4053 1431 4088 romanorum.

396 4108 520 4182 pellicere
528 4127 581 4160 non
591 4109 900 4178 potuisset—Pellicm.
987 4111 1012 4165 5.
1034 4113 1195 4166 Academiam.
1217 4113 1356 4167 Academia
1375 4115 1447 4166 locus

397 4185 514 4264 Quidam
524 4185 599 4242 MSS.
608 4187 730 4258 polluere:
745 4190 849 4244 lruatra.
946 4191 997 4246 luit
1007 4211 1174 4261 nemorosus,
1189 4195 1222 4248 ab
1235 4193 1366 4248 eudemo
1380 4211 1446 4266 qno*
