3184 5132
379 477 450 557 166.
563 476 790 544 VALERII
824 475 1033 544 ΜΑΧΙΜῙ
1068 475 1163 543 LIB.
1192 475 1242 542 11.

427 634 459 704 7.
488 605 678 701 Equestris¹
702 630 834 701 quoquo
860 604 988 674 ordinis
1012 603 1101 674 bona
1128 629 1314 698 magicaque
1341 630 1436 699 pars,-

371 715 602 810 quadringenti
626 714 789 804 juvenes,
810 713 993 780 censoriam
1018 724 1132 783 notam
1153 712 1297 804 patiente
1322 712 1430 782 animo

373 823 619 906 sustinuerunt,
638 843 722 912 quos
744 820 791 884 M.
803 815 972 900 Valerius,
990 831 1024 886 et
1043 820 1078 886 P.
1096 818 1338 910 Sempronius,
1357 819 1429 910 quia

371 930 405 996 in
425 925 532 997 Sicilia
550 925 592 994 ad
612 925 832 996 munitionum
851 947 935 1017 opus
957 921 1186 1016 explicandum
1203 924 1251 1010 ire
1268 924 1371 1016 jussi,
1390 923 1430 991 fn·

371 1055 447 1102 cere
461 1031 495 1100 id
509 1029 738 1126 neglexerant,
753 1031 844 1122 equis
863 1026 1003 1123 publicis
1017 1027 1192 1123 spoliatos,
1204 1029 1240 1096 in
1259 1051 1428 1100 numemnr

371 1139 562 1210 aerariorum
583 1135 774 1206 retulerunt

426 1263 460 1331 8.
486 1261 607 1354 Turpis
636 1261 735 1328 etiarn
758 1273 865 1326 menis
887 1281 1040 1326 censores
1061 1279 1285 1326 summanum
1307 1258 1425 1325 severi-

372 1383 438 1437 tate
460 1391 594 1461 poennm
619 1366 800 1460 exigemnt.
824 1365 870 1431 M.
898 1364 984 1432 enim
1007 1361 1125 1431 Atilius
1149 1360 1320 1455 Regulus,
1342 1377 1375 1430 et
1392 1365 1425 1430 P.

371 1476 489 1542 Furias
513 1471 649 1557 Philus,
671 1473 708 1540 L
732 1468 903 1537 Metellum
933 1482 1149 1562 quaererem,
1180 1466 1427 1562 complurerrpe

371 1575 515 1673 cquitrs¹
536 1577 771 1670 romanos,qui
788 1590 865 1670 post
877 1574 1051 1644 infeliciter
1058 1575 1268 1644 commissam
1278 1576 1426 1642 Cannen-

372 1711 440 1754 sem
459 1707 606 1780 pugnum
625 1707 702 1752 cum
720 1707 761 1751 eo
779 1681 925 1750 abituros
946 1705 981 1750 se
1001 1680 1097 1750 ltulin
1113 1684 1324 1774 iuraverant,
1341 1680 1425 1748 dire-

371 1793 436 1886 ptis
455 1793 547 1884 equis
564 1789 723 1884 publicis,
745 1790 831 1858 inter
848 1790 980 1856 orarios
1001 1787 1191 1856 tenendos
1210 1800 1426 1868 curaverunt;

372 1883 511 1991 eosque³
538 1897 631 1991 gravi
652 1910 731 1964 nota
752 1895 953 1980 alienemur,
974 1896 1030 1988 qui
1051 1916 1155 1988 quum
1177 1895 1214 1960 in
1235 1907 1427 1986 potestaten

374 2001 565 2076 Hannibalis
586 2005 772 2085 venissent,
793 2000 891 2096 legati
915 2000 958 2069 ub
983 2025 1024 2068 eo
1042 1999 1085 2068 ad
1109 2013 1259 2069 sernum
1282 1999 1371 2068 missi
1389 1997 1428 2066 tle

372 2108 598 2203 pernmtandis
611 2111 766 2202 captivis,
779 2129 886 2201 neque
899 2110 1144 2201 impetrassent,
1157 2104 1247 2200 quod
1261 2104 1428 2199 petebant,

371 2219 405 2282 in
423 2217 506 2284 urbe
527 2229 740 2282 manserunt:
756 2215 833 2307 quia
847 2228 881 2282 et
901 2237 1040 2282 romano
1060 2213 1210 2306 sanfflini
1232 2210 1332 2280 fldem
1354 2235 1429 2306 pra*

372 2335 458 2389 stare
479 2321 783 2406 conveniensem,
801 2333 835 2386 et
850 2321 898 2386 M„
913 2318 1030 2387 Atilius
1052 2317 1198 2412 Regulus
1220 2341 1339 2386 censor
1357 2341 1428 2411 per·

372 2424 483 2494 fidiam
502 2425 658 2510 notabat,
675 2425 769 2518 cujus
788 2439 882 2517 pater
903 2450 963 2518 per
974 2449 1122 2494 summos
1138 2427 1303 2493 cruciatus
1324 2427 1427 2517 exspi-

372 2553 465 2616 rare,
487 2549 585 2623 quam
609 2528 720 2599 follere
740 2530 1047 2624 Carthaginienses,
1071 2533 1172 2600 satius
1192 2555 1262 2600 esse
1284 2529 1427 2598 duxerat.

372 2639 444 2704 Jnm
460 2637 531 2704 lraec
547 2660 686 2704 censura
701 2661 741 2704 ex
757 2625 1004 2704 loroincastra⁴
1014 2635 1224 2724 transcendit,
1238 2661 1313 2730 qun
1325 2657 1429 2730 neque

374 2743 496 2828 timeri,
517 2767 623 2834 nequo
646 2741 752 2837 decipi
769 2740 874 2810 voluit
889 2742 1028 2810 hostem.

426 2888 459 2959 9.
488 2867 678 2958 Sequuntur
705 2866 771 2934 duo
797 2863 941 2956 ejusdem
970 2867 1099 2958 generis
1119 2849 1309 2958 exempla⁵‚
1330 2887 1430 2957 eaque

373 2971 529 3064 adjecisse
554 2973 631 3039 satis
654 2973 725 3040 erit.
754 2975 793 3040 C.
816 2973 920 3056 Gelo,
938 2995 1040 3064 quum
1062 2995 1078 3037 u
1099 2973 1137 3038 L.
1159 2969 1294 3039 Metello
1314 2985 1347 3037 et
1368 2973 1426 3039 Cn.

373 3078 522 3146 Domitio
549 3077 739 3146 censoribus
764 3091 879 3145 senatu
909 3092 1019 3145 motus
1046 3091 1153 3160 esset,
1176 3090 1288 3172 postea
1316 3100 1430 3144 censor

374 3181 480 3252 factus
501 3195 559 3250 est.

417 3369 583 3437 requerere.
595 3367 689 3419 nou,
701 3367 880 3433 nonninus,
923 3397 963 3410 -·
979 3367 1101 3436 Dianitis,
1118 3365 1146 3420 id
1160 3380 1213 3432 eat,
1233 3367 1344 3437 neptia,
1361 3367 1429 3420 ablu·

376 3446 483 3510 xv111;
493 3445 667 3498 Frontiu.lib.
677 3447 726 3510 IV,
738 3464 795 3516 cap.
807 3464 880 3498 1.-
924 3445 965 3498 tis.
982 3446 1061 3500 cons.
1071 3446 1117 3499 lib.
1135 3447 1192 3510 111,
1205 3465 1228 3498 c.
1245 3466 1274 3511 a,
1290 3458 1343 3500 ext.
1360 3453 1392 3510 4,
1405 3457 1430 3498 et

377 3523 814 3594 Explicandanr‚ide⁸t‚adexitum
822 3543 882 3596 per·
923 3545 946 3580 c.
961 3545 992 3595 7,
1008 3545 1035 3580 u.
1053 3529 1080 3578 6.

375 3602 583 3669 damnumst
594 3602 882 3675 perficiendum,quod
965 3606 991 3658 3.
1002 3605 1107 3674 Eorqroe.
1115 3603 1186 3658 Vide
1202 3603 1271 3658 Gall.
1286 3605 1353 3668 vu,
1373 3605 1415 3660 ra.

375 3681 488 3736 arduum
500 3696 564 3736 erut,
964 3685 1029 3747 nna
1040 3697 1133 3742 castra.
1151 3683 1180 3738 id
1194 3695 1250 3750 est,
1265 3683 1299 3738 ad
1311 3701 1369 3738 rem
1384 3685 1431 3736 mi·

417 3782 444 3816 a.
460 3763 570 3832 Equites.
582 3765 633 3818 nn.
649 3764 685 3817 U.
702 3763 881 3830 539.Liviua.
923 3762 1035 3816 litarem.

375 3842 478 3896 XXIV.
492 3841 526 3894 Hi
537 3845 650 3912 equites,
660 3845 752 3914 putria
760 3840 882 3896 diffiden·
966 3843 991 3897 5.
1001 3843 1132 3914 Empta.
1143 3844 1195 3901 An.
1207 3843 1242 3896 U.
1254 3843 1325 3905 638.
1336 3841 1392 3906 645
1404 3854 1429 3893 et

375 3935 427 3988 tes,
443 3933 470 3972 et
486 3923 636 3992 campanile
655 3936 715 3994 post
736 3922 881 3988 ruituram,
927 3923 997 3992 5993
1010 3923 1104 3978 Cicero
1114 3923 1317 3994 metuente.
1330 3928 1428 3986 6²·-

375 4001 416 4054 vel
423 4001 452 4054 iu
459 4000 575 4054 hornum
581 4013 736 4074 pratoemtem
744 4014 881 4059 venturam
924 4003 1056 4073 Αιϋωίωο.
1072 4003 1143 4074 Lina.
1161 4004 1188 4056 in
1202 4002 1250 4056 lib.
1264 4015 1316 4056 vet.
1330 4000 1430 4054 invenit

374 4093 534 4144 metuentes,
546 4079 628 4134 lulio
636 4079 787 4136 amnuo
795 4083 881 4136 noun·
924 4086 1043 4154 injecisse,
1056 4081 1130 4154 quod
1139 4094 1340 4138 metonomia
1348 4093 1376 4134 et
1387 4097 1429 4134 ex·

373 4160 408 4215 lia
419 4159 547 4227 inierant,
559 4159 656 4230 quibas
668 4161 771 4216 obstitit
783 4159 881 4233 Scipio.
924 4161 1330 4232 plicamdaelibarsnllnbiamians
1340 4161 1428 4232 placet.
