3196 5122
394 533 461 604 172
570 507 796 576 VALERII
830 507 1038 576 ΜΑΧῙΜΙ
1072 505 1169 574 LlB.
1204 505 1253 572 11.

386 641 501 710 vinciae
517 637 601 708 illius
617 640 764 709 civitates
780 638 921 734 legatos,
940 635 1121 706 secessum¹
1138 636 1208 729 ejus
1220 639 1454 732 opperientes,

386 747 519 816 obviam
538 747 707 815 miserunt.
729 743 888 814 Exsulare
908 742 1022 838 aliquis
1043 743 1107 812 hoc
1128 741 1217 828 loco,
1242 741 1305 810 au'
1325 745 1452 811 trium-

386 853 505 947 phare,
523 852 642 945 justius
657 849 794 920 dixerit?

440 975 474 1046 6.
504 978 542 1046 C.
566 977 663 1045 etiam
682 959 827 1044 Marius³
846 976 880 1042 in
903 973 1105 1068 profundum
1131 971 1322 1040 ultimarum
1349 973 1454 1040 mise·

388 1085 510 1150 riarum
530 1081 692 1174 abjectus,
714 1107 752 1150 ex
771 1083 841 1176 ipso
861 1082 935 1149 vitae
960 1079 1145 1149 discrimine
1162 1077 1322 1147 beneficio
1341 1077 1454 1170 maje-

389 1189 480 1258 statis
500 1191 643 1256 emersit.
667 1189 787 1256 Missus
815 1187 903 1254 enim
931 1185 1066 1254 adeum
1092 1183 1309 1254 occidendum
1329 1185 1363 1250 in
1380 1185 1455 1278 pri-

389 1309 464 1362 vata
485 1292 585 1362 domo
602 1294 780 1361 Minturnis
798 1291 945 1361 clausum
969 1315 1082 1360 servus
1110 1277 1289 1386 publicus⁴,
1312 1291 1456 1358 natione

390 1401 543 1486 Cimber,
559 1415 592 1467 et
610 1425 737 1485 senem,
749 1413 782 1468 et
798 1400 972 1483 inermem,
985 1411 1018 1466 et
1033 1396 1183 1490 squalore
1195 1395 1357 1480 obsitum,
1374 1397 1456 1464 stri-

390 1521 479 1575 ctum
496 1505 639 1599 gladium
658 1519 788 1592 tenens,
801 1504 936 1598 aggredi
951 1529 1017 1572 non
1035 1505 1209 1571 sustinuit:
1227 1501 1283 1570 sed
1299 1501 1456 1570 claritate

391 1706 443 1760 Alii
452 1705 588 1777 publicani
602 1706 783 1776 manciper.alii
789 1705 895 1776 pendes,
938 1708 1047 1775 precarii
1052 1723 1061 1766 ,·
1078 1705 1125 1776 qui
1142 1716 1250 1776 portus,
1262 1705 1409 1774 pultem
1427 1717 1457 1756 et

392 1786 434 1836 alii
446 1791 505 1838 socii
519 1797 602 1838 erant.
619 1785 755 1855 Meropes,
768 1785 899 1856 sunt,qui
943 1784 1075 1855 vectigalia
1097 1785 1151 1856 ipsa
1170 1781 1299 1848 decuma,
1318 1783 1458 1854 scriptura

392 1861 491 1936 aliquid
508 1885 521 1916 a
537 1865 636 1936 populo
656 1878 774 1917 emerant
797 1863 898 1916 coudu·
942 1882 971 1916 ac
987 1863 1156 1936 portitorinm
1173 1863 1342 1916 vocabantur.
1365 1863 1398 1914 In
1415 1862 1459 1913 nl-

392 1958 527 2008 xerantre;
541 1946 577 1997 ita
593 1945 671 2014 vulgo
680 1945 824 2007 nominati,
837 1945 900 2014 quia
942 1955 984 1995 tro
1005 1944 1110 1996 tributis
1129 1955 1215 1995 autem
1236 1941 1458 2012 occupabantur,

392 2024 492 2078 sublata
507 2024 900 2095 mauusignilicabant,seem·
943 2041 1026 2093 quum
1056 2021 1235 2075 conducerent
1264 2035 1290 2074 et
1316 2021 1458 2092 exigerent

392 2104 491 2174 ptionis
505 2117 623 2158 auctores
639 2123 702 2157 esse.
720 2103 754 2156 lli
768 2104 841 2156 fuere
853 2121 901 2174 pu·
943 2114 1063 2174 sumptus
1072 2121 1182 2172 operum
1195 2101 1378 2174 publicorum,
1388 2119 1460 2170 quo-

393 2183 559 2236 blicanorum
579 2183 735 2254 principes,
760 2183 804 2254 qui
830 2199 900 2254 quat·
944 2200 1003 2234 rum
1018 2181 1219 2252 locatioquinto
1232 2198 1337 2252 quoque
1351 2197 1457 2231 aunoa

394 2275 448 2314 stus
464 2263 504 2314 sui
516 2281 591 2314 cansa
603 2260 728 2332 exigenda
742 2281 756 2313 a
768 2263 842 2315 sociis
853 2279 901 2314 suo
943 2261 1096 2313 censoribus
1111 2261 1179 2313 lacta
1194 2271 1241 2313 est.
1262 2291 1302 2301 -
1326 2259 1456 2311 Perculso.

394 2341 512 2411 periculo
537 2341 673 2410 exigebant
698 2354 724 2393 et
750 2342 901 2412 reipublice
944 2340 1079 2393 Sententia
1094 2340 1254 2411 equestrium
1267 2337 1397 2408 judicum.

395 2417 541 2472 tradebant.
555 2419 652 2470 Proedes
662 2421 762 2491 populo
773 2439 827 2474 sese
838 2421 903 2472 obli·
987 2439 1011 2472 1.
1032 2419 1159 2472 Secessus.
1179 2421 1270 2471 Donec
1292 2418 1320 2470 in
1336 2417 1460 2488 aliquem

395 2497 502 2568 gabant,
520 2498 716 2569 promittentes,
736 2499 757 2550 si
775 2497 838 2570 quid
860 2499 901 2551 in·
944 2499 1033 2553 locum
1045 2498 1187 2560 secederet,
1202 2517 1281 2570 quem
1294 2516 1343 2568 pro
1360 2497 1461 2552 exsilio

396 2575 529 2628 commodi
544 2575 773 2650 accideret,plene
787 2597 815 2631 se
829 2579 902 2630 satis·
944 2592 1057 2650 caperet.

398 2657 521 2709 facturos.
541 2657 581 2708 Ita
596 2655 660 2709 dicti
674 2677 689 2712 a
704 2658 842 2727 prestando
858 2676 903 2710 seu
988 2679 1012 2711 s.
1032 2659 1087 2710 Hor
1103 2658 1166 2718 loeo,
1181 2675 1221 2708 en.
1236 2655 1363 2709 Permulti
1377 2655 1460 2708 MSS.

397 2733 629 2807 prestandis,qure
641 2739 823 2808 promiserant.
835 2738 903 2790 Prtes
946 2741 997 2788 loco
1012 2739 1056 2788 doc
1070 2749 1124 2796 aut,
1144 2735 1215 2790 unde
1232 2737 1343 2788 Torreu.
1364 2738 1461 2806 conje-

398 2815 523 2886 igiturest
533 2814 671 2868 satisdator
680 2817 708 2868 in
716 2817 762 2870 lite
770 2820 903 2876 nmnmim
946 2829 1048 2870 eturarn
1055 2817 1186 2870 Perizonii
1195 2815 1246 2868 loco
1255 2813 1379 2880 delentis,
1389 2833 1461 2868 cou-

397 2893 471 2946 unde
487 2893 578 2948 dillert
596 2914 610 2947 a
629 2893 711 2960 vade,
724 2897 771 2968 qui
786 2895 905 2948 radimo·
947 2897 1047 2949 firmari
1061 2897 1104 2949 ait.

398 2976 472 3027 nium
486 2972 569 3028 datin
583 2995 612 3028 re
625 2975 738 3048 capitali.
752 2975 818 3028 Socii
829 2973 904 3028 deni·
990 2979 1015 3029 3.
1033 2975 1062 3029 C.
1077 2979 1147 3026 etiarn
1161 2973 1328 3028 MurimNid.
1344 2973 1373 3036 1,
1392 2973 1422 3036 5,
1433 2974 1463 3036 5,

398 3073 449 3124 que
461 3068 534 3106 erant
541 3055 586 3126 qui
593 3075 642 3126 pro
654 3054 905 3128 publicanispartim
948 3068 973 3108 et
986 3055 1057 3126 Epir.
1069 3053 1309 3118 Liv.txxvll,er
1319 3052 1464 3104 Plutarch.

399 3131 603 3199 conducebant,
630 3137 726 3206 partim
755 3136 905 3188 societatem
948 3135 1066 3186 Velleius
1079 3135 1286 3202 Paterc.ll,19.
1300 3133 1403 3182 -An.
1421 3132 1460 3183 U.

399 3231 459 3265 cum
473 3212 505 3264 iis
516 3213 737 3286 inibant,partim
747 3214 844 3284 probis
857 3214 905 3264 bo·
949 3217 1015 3268 665.
1031 3214 1131 3267 Marius
1142 3213 1229 3286 primo
1239 3210 1327 3264 nudus
1339 3211 1368 3262 in
1381 3211 1464 3282 palu-

399 3311 434 3344 na
451 3293 621 3363 fortunasque
637 3311 695 3346 suas
709 3293 821 3364 reipubl.
838 3291 905 3344 obli·
948 3292 1042 3357 dibus,
1053 3291 1149 3345 deinde
1163 3293 1190 3344 in
1199 3291 1279 3344 domo
1293 3291 1399 3343 Fannio
1410 3309 1465 3342 cn·

399 3372 502 3442 gabant.
519 3373 663 3442 Vectigalia
683 3374 853 3444 exigebantur
874 3390 905 3422 ex
947 3371 1050 3444 jusdam
1060 3371 1173 3426 delituit.
1184 3371 1316 3424 Minturnae
1326 3371 1400 3422 luere
1409 3369 1466 3420 La·

401 3452 482 3523 agris,
499 3451 539 3503 vel
552 3470 583 3504 ex
596 3454 726 3523 portubus
739 3452 859 3522 publicis.
874 3451 905 3501 In
950 3453 979 3505 tii
997 3453 1059 3504 urbs
1078 3465 1104 3504 et
1126 3452 1229 3506 colonia
1250 3449 1284 3504 ad
1305 3449 1389 3501 Lirim
1408 3447 1466 3502 flu·

401 3531 468 3602 agris
480 3530 593 3601 publicis
603 3533 670 3584 cives
683 3531 786 3584 romani
797 3532 907 3584 colloca·
949 3532 1044 3598 vium,
1063 3531 1091 3583 in
1116 3551 1145 3584 ea
1168 3531 1295 3601 regium,
1317 3528 1363 3582 ubi
1385 3545 1467 3581 nunc

401 3609 511 3662 tierent
526 3609 571 3682 qui
590 3623 704 3662 aratores
717 3611 771 3663 sive
788 3611 906 3680 agricola
954 3613 1071 3681 Trujetto.
1085 3639 1125 3654 -·
1144 3611 1174 3664 In
1186 3609 1374 3682 profundari»...
1389 3607 1437 3677 obj
1454 3639 1467 3652 -

402 3685 749 3750 dicti,decumamlrumeuti
759 3689 907 3760 populoru·
950 3703 1010 3742 enas.
1024 3690 1093 3756 Quia
1107 3691 1190 3744 hostis
1208 3690 1299 3761 patriae
1314 3699 1369 3741 erat
1386 3687 1467 3757 judi·

401 3785 481 3819 mano
497 3765 607 3834 dabaut;
619 3769 647 3822 iu
658 3769 760 3840 pascuis
772 3781 889 3840 pastores
899 3803 905 3822 .
951 3783 1031 3824 catus.

401 3846 447 3917 qui
460 3859 562 3900 certum
574 3847 909 3922 essolrebant,quodscri·
993 3856 1018 3913 4.
1043 3848 1128 3902 Servus
1140 3847 1257 3919 publicu.
1271 3845 1344 3899 Serri
1357 3845 1468 3916 publici

400 3938 496 3994 pteram
503 3927 687 3992 nominabant,
697 3925 769 3980 unde
778 3931 908 3999 πήματα·
954 3941 980 3980 et
994 3929 1021 3980 in
1041 3930 1107 3981 urbe
1122 3941 1148 3980 et
1163 3928 1190 3980 in
1206 3925 1362 3998 provinciis,
1378 3925 1467 3978 liber·

404 4006 452 4056 rius
465 4023 531 4074 ager.
550 4005 653 4060 Exinde
666 4008 745 4060 etiarn
761 4009 832 4062 varia
850 4021 911 4061 sunt
954 4007 1004 4060 tini
1018 4009 1119 4079 generis
1138 4019 1227 4072 erant,
1243 4023 1358 4078 quorum
1380 4003 1469 4057 mini-

404 4083 607 4153 publicanorum
613 4087 781 4158 nomina:qui
788 4085 911 4141 decumas
955 4088 1035 4140 sterio
1051 4087 1215 4158 magistratus
1229 4086 1361 4138 utebatur.
1373 4085 1471 4136 Varro

402 4161 731 4233 redimensqdaumann
741 4167 787 4238 qui
804 4185 912 4238 pascua,
957 4165 990 4220 de
1005 4167 1107 4238 Lingua
1122 4166 1253 4232 tacvu3
1264 4164 1333 4219 Gell.
1350 4163 1422 4228 ΧΠ,
1440 4165 1469 4218 3.
