3184 5132
423 531 494 604 138
611 535 834 604 VALERII
866 533 1077 602 MAXIMI
1109 531 1204 602 LIB.
1238 533 1292 600 ΙΙ.

418 665 531 735 ionum
547 679 596 736 est
611 667 768 754 Veneris,
787 668 821 734 in
843 665 933 761 quod
954 689 989 735 se
1008 679 1167 738 macone
1185 663 1415 750 conferebant,
1430 679 1477 734 at·

416 796 481 866 que
500 771 576 840 inde
591 771 808 868 procedentes
828 773 871 842 ad
888 759 1067 867 quaeum,
1083 771 1177 842 dotes
1198 773 1347 866 corporis
1363 771 1478 865 injuris

417 877 676 965 contrahebant,
702 879 839 950 honesta
866 881 1023 950 nimirum
1049 893 1117 948 tarn
1143 877 1318 948 inhonesto
1346 875 1477 947 vinculo

416 985 571 1080 conjugia
590 985 764 1078 juncturae.

474 1089 531 1160 16.
563 1093 649 1162 Nam
678 1093 852 1161 Persarum
882 1090 1060 1160 admodum
1090 1087 1262 1186 probabile
1292 1089 1475 1158 institutum

416 1195 501 1284 luit,
529 1196 619 1292 quod
643 1196 763 1267 liberos
789 1222 866 1268 suos
895 1221 964 1266 non
989 1199 1081 1294 prius
1108 1195 1355 1290 adspiciebant,
1378 1219 1473 1290 quam

417 1301 609 1397 septimum'
629 1303 819 1399 implessent
842 1327 982 1392 annum,
1001 1327 1068 1398 quo
1093 1301 1309 1400 parvulorum
1337 1303 1476 1370 amissio

418 1433 495 1478 nem
514 1411 657 1503 aequiore
673 1413 784 1479 animo
800 1413 1010 1480 sustinerent.

474 1539 530 1611 17.
545 1517 597 1584 Ne
612 1514 791 1586 Numidiae²
811 1517 944 1611 quidem
961 1539 1055 1612 reges
1068 1513 1293 1610 vituperandi,
1310 1515 1368 1608 qui
1386 1537 1475 1582 more

416 1623 521 1716 gentis
535 1645 601 1692 suae
616 1619 696 1691 nulli
711 1623 842 1692 mortali
856 1608 1025 1694 osculum³
1040 1620 1207 1706 ferebant3
1220 1619 1378 1715 quidquid
1390 1621 1475 1688 euim

414 1730 449 1795 in
465 1727 595 1798 excelso
613 1728 744 1824 fastigio
760 1731 903 1824 positum
925 1744 993 1813 est,
1015 1727 1181 1798 humiliet
1201 1729 1278 1798 trita
1297 1741 1475 1797 consuetu·

415 1832 507 1922 dine,
524 1859 592 1930 quo
612 1837 654 1906 sit
671 1835 911 1925 venerabilius,
930 1859 1073 1907 vacuum
1087 1857 1157 1904 esee
1171 1835 1337 1905 convenit.

564 2227 610 2292 De
626 2225 793 2315 disciplina
811 2225 944 2292 utilitati
958 2226 1122 2292 observata
1135 2249 1158 2288 a
1174 2227 1334 2290 Romanu.

418 2373 436 2402 ι.
453 2360 480 2401 Ρ.
495 2357 604 2419 Scipione
615 2357 716 2404 Allrnilio
728 2371 775 2404 cos.
788 2383 817 2394 -
831 2372 853 2404 s.
867 2359 897 2415 Q.
910 2357 1007 2404 Metello
1018 2357 1142 2404 Numidico
1153 2371 1202 2405 eos.
1213 2381 1244 2394 -·-
1256 2357 1277 2404 3.
1288 2359 1314 2402 Ρ.
1326 2355 1423 2418 llnpflis
1433 2370 1477 2402 eos

446 2460 476 2470 -·
487 2441 509 2489 t.
524 2437 550 2482 C.
565 2437 660 2482 Aurelio
672 2437 740 2483 coru
753 2451 800 2483 cos.
813 2437 874 2484 -5.
885 2438 916 2494 Q.
930 2437 1011 2482 Fulvio
1023 2437 1105 2484 Flscco
1120 2453 1214 2484 cens.—
1227 2437 1250 2484 6.
1263 2439 1290 2484 t.
1303 2436 1423 2484 Postumio
1433 2435 1478 2482 ‘lli-

445 2515 513 2561 berto
526 2513 599 2570 dict..
614 2525 638 2562 et
649 2515 676 2561 Τ.
691 2513 779 2562 Msnlio
791 2517 909 2578 Torquato
923 2532 971 2564 cos.
985 2541 1017 2553 -
1030 2534 1052 2577 7.
1070 2519 1096 2564 1..
1109 2517 1219 2576 Quinctio
1234 2516 1372 2563 Cincinnato
1384 2516 1438 2562 dict
1451 2539 1478 2550 -·

446 2594 468 2641 ⁸.
481 2597 509 2642 1..
523 2596 617 2657 Papirio
628 2597 730 2644 Cursore
741 2595 797 2644 diet.
812 2621 843 2633 —
856 2611 879 2659 9.
893 2599 919 2643 t..
937 2597 1065 2659 Cslpurnio
1076 2598 1159 2645 Pisone
1176 2613 1225 2645 eos.
1237 2623 1269 2633 -
1285 2611 1314 2645 so
1339 2599 1367 2656 Q.
1379 2597 1478 2644 Metello

447 2674 599 2722 Mseedouieo
611 2691 785 2738 γουσι-ιι.
797 2678 826 2734 Q.
838 2676 910 2722 titio
921 2677 985 2723 Mu.
998 2677 1126 2724 &milleno
1136 2693 1228 2739 procos.
1240 2703 1270 2714 -
1285 2693 1320 2724 sn.
1336 2679 1360 2723 P.
1373 2675 1478 2723 stricare

446 2754 534 2814 wore
554 2769 690 2816 pences-
714 2755 750 2803 rt.
764 2757 788 2802 Ρ.
804 2754 912 2816 fficsnn
932 2756 1168 2818 minoreproeos.-
1190 2755 1376 2814 ssslpffltnilio
1399 2754 1478 2802 l’snllo

448 2847 541 2895 μοοοι.
554 2857 585 2870 -
600 2834 635 2882 ι5.
647 2835 733 2882 Sensts
747 2849 851 2882 rome.

539 2955 588 3020 De
605 2955 774 3046 disciplina
791 2955 926 3022 militari
942 2955 1104 3020 observata
1119 2957 1161 3020 ab
1179 2927 1338 3020 Extemii.
1373 3041 1380 3056 ·
1443 3017 1448 3034 ,

560 3111 580 3142 ι.
593 3097 679 3144 temen
690 3095 884 3159 αηῐιιςίιὶωιὶ.
894 3119 926 3132 ·-·
936 3105 958 3140 a.
969 3095 1081 3142 mesecho
1092 3096 1257 3158 tpsrnnomn
1266 3095 1334 3142 dua.

473 3253 522 3308 ns
540 3253 745 3309 nsscrrntns
764 3231 950 3308 mcirsm‘
971 3253 1182 3308 onsnnvtm
1202 3256 1225 3307 s
1245 3253 1415 3308 ROMANIS.

468 3407 578 3476 Venio
594 3429 684 3474 nunc
703 3403 744 3473 ad
759 3407 962 3500 praecipuum
982 3404 1099 3494 decus,
1115 3407 1204 3474 etad
1220 3405 1474 3476 stabilimentum

417 3514 544 3584 romani
571 3511 723 3608 imperii,
752 3509 886 3582 salutari
916 3513 1160 3606 perseverantia
1186 3513 1227 3582 ad
1256 3513 1321 3584 hoc
1348 3529 1477 3608 tempus

417 3703 925 3773 siis311modotns,1‚93etAElisn.IV,
1013 3724 1038 3758 s.
1058 3704 1189 3758 Numidia.
1205 3703 1314 3776 Aliquot
1333 3701 1477 3760 143Ηὴ-

421 3803 454 3851 s,
469 3783 550 3855 Lydis
565 3785 696 3840 tribuunt.
708 3815 749 3828 —
761 3783 876 3854 Corporis
886 3788 925 3836 in-
970 3783 1052 3846 su'k,
1072 3783 1143 3855 quod
1150 3785 1263 3838 Torren.
1274 3785 1379 3854 probet.

411 3867 493 3935 jota,
501 3863 531 3918 id
541 3877 593 3928 est,
602 3877 724 3937 stuprum
731 3881 820 3936 μω.
831 3865 926 3934 lajano
1011 3863 1038 3919 3.
1047 3865 1170 3918 Ocresiam.
1179 3862 1258 3935 Apud
1268 3865 1400 3917 llosnsnos
1408 3863 1479 3935 prin·

417 3943 545 3998 nimirum
553 3950 647 4015 passive
657 3945 709 3998 hoc
721 3945 781 3998 loco
796 3941 903 3998 dicitur.
968 3943 1041 4016 cipes
1053 3945 1134 3996 mado
1146 3945 1269 4016 excipere
1280 3943 1400 3997 solebssst
1411 3943 1479 4008 eires

462 4040 485 4078 s.
501 4022 638 4094 Septrsrsssr.
655 4022 754 4078 llerod.
769 4024 828 4078 loeo
842 4024 925 4080 citsto
967 4021 1183 4096 dignioresvide
1193 4023 1301 4077 Sueten.
1313 4035 1340 4076 et
1350 4023 1420 4076 Plin.

419 4120 474 4157 non
486 4113 547 4156 unte
557 4105 661 4174 quintus·
675 4123 773 4160 sunum
787 4102 816 4158 ist
828 4105 927 4160 Mum
1013 4110 1040 4167 4.
1057 4105 1097 4156 De
1106 4103 1233 4174 disciplina
1246 4103 1355 4156 militari.
1373 4101 1425 4156 llic
1438 4097 1480 4154 de·

418 4201 474 4238 esse
485 4181 584 4238 scibit.
972 4201 1046 4236 musn
1057 4183 1087 4236 in
1099 4184 1174 4238 MSS.
1191 4196 1219 4238 et
1232 4181 1396 4238 editionibus
1410 4193 1480 4236 vete-
