3168 5124
190 527 315 594 car.
345 525 408 610 tv,
436 525 498 592 na
527 522 664 592 cnav.
695 523 814 592 mor.
843 523 934 592 aur
961 527 1082 595 aner.
1138 530 1208 612 aar

493 775 725 865 CAPUT
771 777 858 864 IV.

316 1007 362 1070 De
374 1007 511 1092 graviter
524 1003 614 1068 da'cta's
629 1001 798 1091 eratfortis
815 1025 837 1068 a
855 1005 1016 1069 Romanu.

145 1186 166 1215 r.
181 1171 207 1214 T.
220 1169 308 1214 Manlio
319 1149 446 1228 Toiqanto.
458 1193 489 1202 ·-
501 1181 523 1213 a.
542 1169 567 1212 P.
583 1166 692 1229 Scipione
703 1167 842 1214 AEmiliano.
854 1191 885 1202 -
897 1166 919 1214 3.
932 1165 958 1214 C.
971 1165 1062 1230 rupino
1075 1171 1173 1217 bonate.
1184 1197 1215 1206 -

177 1255 199 1302 a.
211 1250 237 1294 Ρ.
251 1247 340 1294 nuntio
352 1247 422 1294 nuso.
434 1273 465 1282 -
476 1249 496 1294 5.
509 1247 543 1293 Μ.
557 1245 628 1292 Juuio
639 1247 712 1292 Bruto
723 1260 815 1308 procos.

298 1393 348 1456 De
362 1395 500 1480 graviter
514 1390 605 1454 dictas
620 1388 789 1478 autfactis
806 1391 847 1454 ab
865 1393 1024 1456 Extarnis.

146 1565 167 1596 1.
180 1550 323 1597 Cinninienai
333 1549 432 1611 populo.
441 1573 473 1584 -
482 1561 504 1594 a.
516 1547 611 1594 Socrate
622 1546 758 1596 atheniensi.
771 1573 803 1584 -·
815 1549 837 1595 3.
847 1547 980 1596 Alexandro
990 1551 1084 1614 Magno.
1095 1575 1126 1587 -
1136 1559 1156 1608 a.
1171 1553 1214 1599 La·

176 1629 331 1676 cedaemoniis.
342 1653 373 1662 —
388 1629 409 1675 5.
424 1627 542 1674 Pedereto
552 1636 668 1689 spartane

177 1807 231 1860 DE
251 1807 478 1861 GRAVITER
499 1807 648 1861 DICTIS
669 1807 757 1860 atJT
777 1808 927 1862 FACTIS
948 1812 971 1861 A
991 1810 1193 1866 ROMANIS.

201 1997 361 2092 Magnam
381 2012 414 2066 et
434 1997 557 2066 bonam
578 1995 684 2066 laudis
701 2011 830 2092 partem
847 1999 882 2067 in
899 1997 996 2068 claris
1013 2000 1093 2069 viris
1112 2001 1211 2070 etiam

146 2103 202 2172 illa
215 2103 401 2193 vindicant,
413 2129 486 2198 quae
498 2119 556 2173 aut
570 2103 612 2172 ah
624 2103 675 2172 his
690 2107 835 2198 graviter
850 2105 956 2190 dicta,
972 2119 1031 2175 aut
1040 2106 1129 2176 facta
1143 2133 1214 2202 per-

146 2213 238 2278 tinax
253 2213 415 2280 memoria
431 2211 558 2280 viribus
577 2212 707 2280 aeternis
724 2211 995 2306 comprehendit:
1013 2237 1157 2307 quorum
1173 2239 1214 2282 ex

145 2316 329 2386 abundanti
350 2320 467 2413 copia,
486 2343 547 2388 nec
565 2341 666 2412 parca
683 2319 798 2406 nimis,
819 2342 882 2387 nec
897 2343 1010 2388 rursus
1025 2318 1123 2389 avida
1143 2343 1213 2388 ma·

64 2433 69 2452 ¹
146 2449 212 2510 nu,
226 2423 317 2518 quod
329 2426 434 2519 magis
452 2423 613 2495 desiderio
630 2423 822 2513 satisfaciat,
838 2448 937 2519 quam
951 2426 1092 2495 satietati
1109 2427 1213 2496 abun·

145 2529 222 2618 det,
240 2530 440 2600 hauriamus.
464 2593 467 2599 .

207 2689 236 2732 1.
259 2664 402 2734 Civitate
418 2679 532 2733 nostra
547 2667 704 2734 cannensi
725 2665 818 2734 clade
836 2663 1018 2760 perculsa¹,
1041 2691 1143 2759 quum
1161 2667 1215 2736 ad·
1317 2667 1318 2672 ’

146 2769 285 2840 modum
303 2773 395 2839 tenui
418 2769 474 2840 fito
495 2795 654 2866 suspensa
672 2769 860 2866 reipublicae
881 2770 968 2841 salus
986 2796 1027 2840 cx
1047 2774 1213 2842 sociorum

146 2878 214 2948 fide
225 2877 399 2972 penderet,
411 2891 574 2947 uteorum
587 2878 687 2946 animi
696 2877 739 2945 ad
749 2879 925 2972 imperium
936 2902 1111 2947 romanum
1123 2893 1214 2947 tuen·

146 2985 230 3054 dum
249 2985 488 3054 constantiores
506 2999 632 3068 essent,
651 2985 768 3078 majori
787 2999 881 3078 parte
896 2998 1029 3054 senatus
1038 2991 1215 3082 principes

147 3095 350 3161 warnorum
372 3097 408 3159 in
428 3090 579 3160 ordinem
601 3115 697 3160 suum
718 3089 852 3184 sublegi
869 3089 1046 3185 placebat;
1066 3090 1214 3160 Auaius'

148 3213 262 3267 autern
283 3220 463 3292 campanus
486 3199 584 3266 etiam
612 3195 781 3267 consulem
803 3195 944 3265 alterum
963 3199 1087 3292 Capuae
1107 3200 1214 3267 'creari

149 3305 272 3374 (labere
295 3304 520 3374 asseverabat:
534 3306 579 3372 sic
602 3318 760 3373 contusus
783 3318 816 3372 et
836 3329 923 3398 aeger
940 3305 1069 3373 romani
1086 3305 1214 3399 imperii

151 3413 285 3506 spiritus
299 3426 377 3480 erat.
393 3413 487 3478 Tunc
503 3409 649 3479 Manlius
662 3413 865 3505 Torquatus,
880 3396 986 3480 filius3
1002 3411 1141 3504 ejusqui
1156 3413 1217 3480 La·

151 3521 238 3587 tinas
255 3517 343 3612 apud
361 3519 512 3586 Veserim
530 3515 652 3610 inclyta
670 3541 783 3613 pugna
801 3515 949 3604 fuderat,
967 3540 1066 3610 quam
1085 3531 1217 3612 poterat

198 3741 220 3772 r.
242 3721 366 3772 Perculsa.
388 3721 438 3771 An.
459 3719 494 3771 U.
519 3719 583 3788 537.
603 3717 660 3770 Liv.
707 3737 820 3789 panum,
835 3715 881 3771 sed
897 3717 1009 3770 latinum
1024 3717 1116 3784 fuisse,
1131 3737 1217 3790 neque

153 3800 260 3866 XXIII,
278 3804 310 3865 ὃς
322 3799 382 3852 coll.
399 3818 421 3851 c.
440 3799 660 3865 22,etvn1‚5.
706 3812 767 3868 post
780 3816 897 3869 pugnam
914 3815 1088 3863 cannensem,
1107 3797 1153 3851 sed
1170 3797 1216 3854 diu

153 3913 193 3922 --
215 3879 347 3933 Sociorum.
371 3879 437 3931 Nam
462 3891 558 3949 preter
578 3877 664 3930 fidum
707 3891 768 3931 ante
780 3896 838 3932 eam
849 3877 1072 3943 vixisse‚eLivio
1081 3877 1217 3934 evidenter

154 3960 298 4014 Hieronem
309 3959 460 4031 paucissimi
473 3959 663 4010 tantumltalo·
708 3969 826 4029 apparet.

89 4095 100 4116 ⁴
154 4060 213 4094 rnm
227 4039 255 4094 in
268 4039 391 4095 societate
402 4051 564 4092 manserunt.
749 4038 776 4091 3.
797 4039 886 4092 Filius.
898 4037 960 4090 Nou
972 4038 1061 4110 potuit
1075 4041 1131 4110 ejus
1147 4040 1217 4093 filius

197 4141 221 4172 a.
231 4121 382 4173 AnariusAEn
392 4120 489 4172 iterum
497 4119 661 4191 ἀνιςορησίανέ
708 4137 776 4182 esse,
787 4118 832 4189 qui
843 4118 919 4171 CXX
929 4131 955 4171 ct
965 4119 1078 4190 amplius
1087 4132 1146 4191 post
1155 4139 1215 4173 eum

156 4201 222 4253 Nam
232 4202 262 4256 L.
274 4201 391 4255 Annium
404 4201 522 4256 Setinum
531 4219 583 4254 non
594 4218 662 4253 cam·
707 4199 781 4254 vixit.
792 4231 832 4242 -
846 4199 960 4252 P'cserim.
969 4198 1075 4252 Veseris
1085 4199 1176 4272 oppid.
1190 4213 1215 4254 ct
