3190 5122
391 519 464 596 332
589 521 811 591 VALERII
844 517 1053 586 ΜΑΧΙΜΙ
1084 517 1183 586 LIB.
1211 519 1253 585 V.

386 669 547 750 expetunt
571 679 577 720 :
600 677 740 746 quarum
763 652 870 745 prima
892 651 1024 744 inopia,
1044 647 1211 744 proxima¹
1234 649 1456 742 occupatione

277 853 282 860 .
389 765 486 832 tertia
505 761 639 854 ancipiti
657 759 788 827 fortuna
808 771 998 852 praestatur;
1017 780 1185 849 quumque
1204 757 1331 824 nescias
1355 781 1455 850 quam

389 870 531 936 maxime
557 861 709 960 probes²,
735 865 804 958 ejus
832 877 943 932 tamen
970 861 1214 930 commendatio
1250 887 1455 956 praecurrere

390 973 538 1058 videtur,
553 975 606 1042 cui
623 995 746 1040 nomen
763 995 804 1039 ex
823 971 895 1064 ipso
917 969 1054 1038 numine
1074 969 1248 1063 quaesitum
1266 983 1327 1038 est.

451 1123 480 1167 r.
508 1099 593 1165 Ante
617 1097 727 1164 omnia
746 1080 875 1164 autem³
896 1093 1131 1162 humanissima
1149 1106 1183 1160 et
1200 1091 1455 1160 clementissima

391 1219 523 1274 senatus
541 1217 615 1271 acta
632 1201 790 1288 referam;
807 1201 880 1295 qui,
894 1223 996 1294 quum
1019 1199 1340 1293 Carthaginiensium
1358 1197 1454 1292 legati

391 1310 432 1379 ad
449 1311 597 1404 captivos
608 1307 815 1377 redimendos
827 1308 860 1375 in
873 1307 989 1375 urbem
1008 1307 1174 1374 venissent
1183 1293 1205 1392 ⁴,
1221 1308 1373 1400 protinus
1387 1305 1455 1390 his,

391 1415 481 1484 nulla
499 1417 639 1510 pecunia
653 1429 804 1512 accepta,
825 1412 968 1482 reddidit
978 1413 1133 1505 juvenes,
1153 1437 1330 1480 numerum
1350 1411 1453 1479 duum

391 1521 528 1592 millium
552 1537 585 1590 et
607 1523 889 1616 septingentorum
908 1519 1127 1614 quadraginta
1150 1519 1251 1586 trium
1276 1517 1452 1612 explentes.

391 1613 538 1698 Verum⁵
567 1642 696 1696 tantum
730 1628 874 1696 hostium
905 1627 1083 1694 exercitum
1109 1625 1302 1711 dimissum,
1329 1639 1453 1694 tantam

391 1736 566 1830 pecuniam
584 1747 807 1828 contemptam
816 1787 826 1820 ,
835 1746 885 1800 tot
899 1733 1027 1826 punicis
1041 1733 1166 1826 injuriis
1180 1723 1311 1799 veniim
1327 1731 1452 1817 datam,

393 1845 481 1936 ipsos
500 1840 625 1936 legatos
643 1841 851 1935 obstupuisse
870 1839 1029 1925 arbitror,
1041 1863 1080 1907 ac
1099 1863 1211 1907 secum
1232 1836 1373 1906 dixisse:
1394 1838 1453 1905 «Ο

391 1947 649 2017 munificentiam
665 1949 769 2042 gentis
784 1969 944 2033 romanie,
956 1945 1095 2014 deorum
1109 1945 1302 2038 benignitati
1323 1967 1452 2037 sequan-

392 2050 484 2124 daml
512 2055 659 2122 Oetinm
686 2069 831 2122 nostram
859 2051 1054 2146 legationem
1080 2075 1180 2146 supra
1205 2065 1284 2119 vota
1307 2045 1451 2118 felicem!

391 2187 468 2230 nam
480 2159 569 2254 quod
581 2159 778 2230 beneficium
794 2183 963 2253 nunquam
978 2157 1198 2242 dedissemus,
1208 2142 1450 2252 accepimus⁶.»

434 2389 457 2422 1.
477 2370 647 2439 occupatione.
669 2368 800 2438 Negotiis;
813 2365 858 2420 sed
872 2381 898 2421 et
984 2369 1010 2422 3.
1021 2367 1119 2421 Autem.
1129 2369 1209 2422 Multi
1225 2381 1313 2428 tamen,
1329 2365 1404 2439 quod
1414 2385 1453 2420 re·

391 2450 420 2500 in
440 2448 513 2500 omni
535 2449 584 2500 alia
598 2449 658 2500 vita
674 2446 828 2500 conditione
851 2447 899 2500 hu·
941 2461 1041 2520 spuunt
1061 2445 1136 2502 MSS.
1153 2482 1194 2492 -
1215 2449 1453 2500 Humanum...

392 2527 503 2579 manitas
520 2528 610 2579 locum
632 2527 718 2578 babet.
736 2557 773 2568 -
789 2527 899 2597 Ancipiti
942 2529 1050 2596 reserum.
1069 2531 1119 2582 An.
1137 2530 1172 2582 U.
1196 2528 1262 2582 552.
1282 2529 1341 2580 Liv.
1362 2528 1453 2592 XXX,

386 2608 498 2674 fortuna.
511 2607 543 2658 ln
557 2607 681 2677 periculis
694 2624 724 2658 ac
737 2606 815 2658 illatis
829 2607 898 2676 inju-
944 2608 999 2672 43,
1015 2607 1060 2670 45,

391 2686 453 2751 riis,
465 2698 494 2738 ut
508 2705 603 2758 nempe
616 2686 779 2739 severitatem
795 2687 898 2738 minua·
983 2693 1010 2751 4.
1022 2687 1269 2757 Quum....oenineirt.
1281 2687 1373 2740 Primo
1384 2686 1452 2739 bello

391 2784 464 2830 mus,
479 2780 505 2819 et
520 2779 567 2818 aut
578 2767 657 2838 plane
673 2785 727 2818 non
742 2766 899 2820 ulciscamur
942 2769 1050 2838 punico.

391 2845 513 2915 injurias,
528 2859 572 2898 ant
584 2865 689 2917 poenam
703 2844 844 2898 reddamus
860 2841 898 2898 le'·
984 2847 1155 2917 5.Eeplentes.
1166 2849 1263 2900 Verrun.
1273 2845 1371 2900 Inedd.
1379 2847 1451 2918 vulg

391 2925 505 2991 uorem,
522 2939 567 2978 aut
580 2927 602 2978 si
615 2924 648 2978 ad
663 2925 833 2998 corrigendos
844 2945 900 2978 mo·
942 2939 1002 2980 ante
1020 2927 1143 2998 Pighium
1162 2928 1298 2998 legebatur
1318 2927 1451 2998 explentes,

391 3024 432 3058 rcs
447 3006 578 3058 severiore
593 3025 670 3076 poena
684 3025 751 3078 opus
771 3005 817 3070 sit,¹
836 3005 899 3058 vitia
942 3007 1038 3060 omisso
1056 3007 1153 3058 Verum.
1168 3008 1221 3060 Atii
1233 3007 1452 3078 babenterpletis·

390 3084 517 3155 quidem,
531 3084 576 3138 sed
596 3104 732 3157 nunquam
749 3086 899 3151 bominem,
942 3091 1012 3138 simos
1027 3106 1111 3139 rerum.
1133 3087 1236 3139 Tantum
1254 3089 1368 3147 Ιιωιάυιι,
1389 3099 1451 3150 etc,

391 3165 533 3218 babeamus
549 3164 628 3231 odio,
645 3165 691 3218 sed
707 3167 745 3218 illi
763 3183 898 3218 succurra·
942 3164 970 3218 id
988 3165 1060 3238 quod
1081 3167 1249 3233 Perizonius,
1265 3167 1413 3218 Torrenius
1427 3179 1453 3218 et

393 3264 453 3298 mus
469 3243 580 3308 deiude,
593 3258 721 3315 quantum
734 3245 792 3298 fieri
806 3245 898 3316 possit.
942 3246 1063 3316 Kappius
1084 3247 1216 3317 probant,
1237 3259 1268 3299 ut
1289 3265 1380 3298 sensns
1403 3245 1449 3298 ait:

434 3345 460 3378 a.
474 3324 705 3394 Nescius...probes.
721 3323 787 3378 cod.
804 3325 897 3394 Ultraj.
937 3327 1049 3396 [iuvenes
1064 3326 1127 3378 istos
1142 3343 1307 3396 nequaquam
1326 3325 1452 3398 spoliatos

391 3407 470 3476 prim.
487 3409 599 3465 nesciam,
616 3405 723 3474 probem.
737 3406 898 3456 -Pnecur-
942 3405 1038 3470 fuisse,
1064 3404 1110 3458 sed
1133 3407 1211 3458 rebus
1233 3405 1386 3458 necessariis
1412 3406 1451 3456 in·

391 3504 449 3536 rere.
475 3484 535 3536 Non
554 3484 727 3555 preminere,
750 3496 795 3536 aut
811 3484 898 3554 primo
941 3485 1144 3550 structissimos,
1167 3483 1244 3538 etad
1263 3483 1453 3537 abundantiam

390 3565 449 3616 loco
463 3581 563 3632 ponere
573 3564 713 3634 siguificat,
726 3561 772 3615 sed
786 3564 896 3624 anteire,
941 3577 1069 3618 saturatos
1085 3565 1345 3636 Carthaginiensibus
1361 3561 1451 3616 reddi-

391 3643 717 3696 antecellerc.-Numine.
728 3643 856 3696 Nonnulli
865 3641 898 3694 ad
942 3657 982 3696 tos
997 3645 1084 3696 fuisse.

391 3722 567 3783 liberalitatem,
591 3723 665 3794 quasi
687 3722 805 3776 aLibero
824 3735 899 3793 patre
982 3725 1008 3776 6.
1025 3723 1360 3795 Namqirod.....cccepiasus.
1373 3721 1449 3774 MSS.

390 3797 898 3874 nominatamreleruntrsed(quantum
941 3803 1058 3874 quinque
1070 3807 1207 3874 peti'ssemus
1224 3822 1274 3875 pro
1295 3803 1448 3864 dedissem,

391 3903 440 3936 nos
447 3881 565 3954 judicare
575 3879 732 3953 possumus)
745 3883 841 3936 rectirn
856 3901 898 3934 re·
942 3883 1016 3954 quasi
1029 3881 1199 3936 referendum
1211 3884 1245 3936 sit
1257 3881 1291 3935 ad
1303 3895 1373 3936 rota.
1389 3882 1451 3934 Plus

390 3963 505 4034 spexeris
527 3961 560 4014 ad
584 3963 742 4025 clementiam,
768 3981 827 4033 quai
850 3981 898 4015 nos
941 3964 1014 4015 enim
1030 3961 1096 4016 dum
1109 3964 1254 4034 accipiunt,
1268 3981 1347 4034 quam
1361 3975 1450 4034 petere

390 4043 507 4096 numinis
528 4041 641 4113 quadam
660 4041 832 4096 similitudine
854 4061 898 4108 or·v
942 4042 998 4096 anai
1019 4056 1124 4108 essent,
1154 4043 1270 4096 sentiunt
1292 4043 1451 4112 legationem

390 4133 450 4186 nat,
463 4140 545 4192 quum
562 4123 590 4172 in
606 4123 745 4194 praecipuis
757 4122 898 4193 perlectio-
941 4141 1015 4178 suam
1039 4141 1119 4196 supra
1141 4135 1215 4188 rota,
1241 4121 1270 4176 id
1292 4135 1346 4188 est,
1371 4139 1450 4193 supra

390 4200 468 4254 nibus
480 4199 522 4254 dei
536 4200 698 4256 numeranda
713 4203 755 4256 sit.
941 4220 1020 4275 quam
1028 4215 1117 4274 petere
1125 4203 1322 4266 sustinuissent,
1336 4201 1447 4256 felicem.
