3196 5122
355 583 357 588 .
389 511 462 586 268
582 511 805 581 VALERII
833 511 1040 580 ΜΑΧΙΜΙ
1068 511 1165 580 LIB.
1192 511 1258 579 IV.

387 645 586 742 productus,
603 669 705 740 quum
720 645 752 714 id
763 644 998 740 respondisset,
1013 642 1101 737 quod
1117 642 1253 712 salutem
1265 639 1450 738 periclitan-

388 752 445 822 tis¹
459 777 659 848 magnopere
673 752 825 822 laesurum
842 752 1030 835 videbatur,
1044 749 1215 820 discedens
1228 750 1365 842 adjecit,
1383 780 1399 813 ι(
1409 755 1452 820 ita

389 858 451 928 sibi
464 859 553 928 credi
566 873 734 954 oportere,
754 861 780 928 si
795 873 828 927 et
843 857 895 926 alii
916 859 1001 926 idern
1020 871 1280 926 asseverassent:
1297 859 1450 951 quoniam

388 966 485 1034 unius
507 968 694 1035 testimonio
711 964 851 1059 aliquem
871 965 1005 1034 credere
1024 965 1155 1058 pessimi
1177 961 1282 1032 esset’
1301 964 1449 1058 exempli.

389 1072 434 1141 Et
447 1059 613 1166 religioni³
632 1074 734 1166 igitur
751 1097 817 1140 suae
831 1071 974 1140 debitam
994 1069 1108 1158 fidem,
1127 1086 1160 1139 et
1178 1073 1348 1140 communi
1366 1070 1450 1139 utili·

390 1177 449 1246 tati
468 1177 598 1247 salubre
620 1177 794 1248 consilium
814 1177 964 1247 reddidit.

450 1307 504 1352 ια.
517 1286 629 1354 Sentio
641 1305 725 1379 quos
735 1287 839 1371 cives,
856 1309 970 1379 quaeve
980 1284 1064 1352 facta
1077 1307 1192 1352 eorum
1204 1307 1242 1352 ac
1252 1283 1340 1352 dicta
1352 1307 1450 1377 quam

390 1405 531 1484 angusto
561 1390 686 1460 ambitu
716 1393 872 1461 orationis
896 1390 1086 1485 amplectar.
1111 1390 1175 1459 Sed
1203 1415 1304 1484 quum
1332 1414 1452 1484 inagna

390 1509 424 1564 et
445 1497 547 1566 multa
568 1496 712 1566 breviter
732 1498 871 1572 dicenda
895 1500 959 1566 sint
983 1498 1024 1566 de
1050 1496 1197 1566 claritate
1218 1495 1450 1566 excellentibus

389 1603 487 1687 viris3
515 1627 623 1672 sermo
657 1603 791 1673 infinitis
827 1605 974 1698 personis
1010 1601 1173 1696 rebusque
1210 1603 1451 1688 circumfusus,

290 1805 294 1812 Ι
390 1722 567 1804 utrumque
589 1725 744 1804 praestare
765 1735 832 1780 non
853 1696 991 1806 potest⁴.
1010 1713 1127 1804 ltaque
1145 1711 1302 1804 propositi
1320 1735 1452 1804 quoque

324 1867 327 1876 .
390 1817 492 1884 nostri
519 1817 603 1884 ratio
632 1839 699 1885 non
727 1817 890 1886 laudanda
916 1816 977 1886 sibi
1006 1819 1133 1902 omnia,
1164 1816 1220 1885 sed
1248 1815 1451 1886 recordanda

389 1923 537 2016 sumpsit.
555 1925 769 2019 Quapropter
790 1924 876 1993 bona
895 1947 971 1992 curn
990 1925 1084 1992 venia
1099 1922 1167 1992 duo
1186 1922 1326 2010 Metelli,
1345 1924 1452 1992 Mace·

389 2025 526 2099 donicus
541 2045 574 2098 ct
585 2030 795 2115 Numidicus,
810 2033 952 2100 maxima
965 2031 1078 2124 patriae
1091 2043 1300 2111 ornamenta,
1312 2031 1451 2097 strictim

390 2158 424 2202 se
439 2137 566 2204 narrari
578 2139 752 2231 patientur.
764 2139 931 2208 Acerrime
946 2161 1021 2206 cum
1034 2138 1185 2230 Scipione
1198 2121 1372 2205 Africano⁵
1386 2138 1452 2203 illa-

390 2241 567 2341 cedonicus
591 2242 802 2330 dissenserat,
829 2268 1009 2338 eorumque
1031 2243 1072 2310 ab
1094 2241 1301 2312 emulatione
1321 2243 1452 2311 virtutis

389 2347 539 2440 profecta
558 2351 742 2438 contentio,
761 2350 803 2418 ad
823 2375 940 2446 graves
959 2364 1157 2444 testatasque
1176 2351 1361 2418 inimicitias
1375 2375 1451 2442 pro·

390 2475 501 2546 gressa
519 2453 635 2524 fuerat.
659 2455 724 2524 Sed
746 2469 856 2525 temen
874 2483 976 2550 quum
992 2441 1243 2551 interemptum⁶
1263 2457 1451 2549 Scipionem

389 2557 590 2628 conclamari
612 2561 771 2650 audisset,
789 2564 822 2631 in
841 2562 1010 2658 publicum
1026 2589 1061 2634 se
1075 2564 1255 2659 proripuit,
1272 2577 1451 2656 maestoque

435 2788 459 2823 1.
480 2771 654 2824 Periclr'tautis.
675 2772 740 2838 ttei,
755 2771 801 2844 qui
823 2790 898 2826 accu-
984 2779 1010 2837 4.
1032 2771 1216 2845 Sedqutsran..
1238 2791 1285 2824 noa
1298 2783 1386 2842 potest.
1409 2769 1452 2824 Sic

391 2863 460 2905 satus
474 2863 520 2904 est.
539 2851 690 2906 Periculum
705 2865 744 2905 est
764 2851 899 2906 interdum
943 2853 970 2904 in
982 2853 1338 2924 magnalectiouisvarietate
1349 2864 1450 2904 textum

392 2932 537 2996 accusatio,
549 2929 688 3003 judicium.
703 2932 745 2986 Sic
760 2931 830 3004 apud
845 2933 899 2986 Ne·
942 2934 1079 2986 constituit
1091 2933 1207 3004 Pighius.
1223 2933 1256 2984 At
1268 2933 1356 3004 plures
1369 2929 1447 2984 codd.

391 3025 482 3085 potem
496 3011 524 3064 iu
537 3009 721 3083 Epaminonda
732 3024 758 3066 et
772 3013 835 3066 alibi
854 3032 898 3066 oc·
942 3013 984 3074 de,
995 3015 1110 3085 itemque
1127 3018 1199 3074 cuis,
1217 3032 1292 3064 semo
1308 3011 1451 3074 omittunt,

392 3092 485 3146 currit.
942 3111 971 3146 sc
983 3112 1033 3164 pro
1048 3113 1095 3146 non
1106 3106 1186 3164 potest
1193 3091 1314 3146 nonnulli
1325 3091 1451 3144 exhibent

433 3193 458 3226 a.
482 3172 818 3243 Quoniammm..eeempli.
833 3172 897 3226 Vid.
941 3193 988 3224 nou
1002 3173 1164 3242 possum‚alii
1178 3193 1274 3244 nequeo.
1289 3169 1369 3224 Unde
1379 3171 1450 3242 Kap-

391 3252 481 3306 Seuec.
496 3251 704 3306 Controv.VII:
723 3279 734 3298 ι
749 3253 813 3314 Uni,
827 3256 898 3305 etiam
941 3252 1001 3324 pius
1018 3253 1126 3324 conjicit
1144 3251 1284 3324 legendum
1298 3270 1305 3303 :
1319 3251 1364 3302 sed
1379 3269 1449 3323 quen

390 3332 420 3384 de
432 3335 518 3385 minori
527 3333 626 3392 scelere,
640 3350 687 3382 uon
698 3333 810 3384 cruditur.
818 3331 899 3398 Quod
941 3351 1027 3402 magna
1039 3343 1064 3384 et
1074 3335 1149 3384 multa
1160 3333 1260 3385 bmvster
1269 3331 1371 3384 dicenda
1385 3335 1447 3392 sinn·

390 3412 469 3465 ctiam
484 3413 632 3484 antiquitus
652 3408 741 3464 divina
760 3411 816 3482 lege
837 3431 898 3466 esu·
940 3414 1051 3465 claritate
1059 3412 1225 3466 eseetteurtbus
1236 3411 1336 3482 infinitis
1341 3413 1447 3483 petrosus

391 3503 465 3557 tum,
486 3506 516 3545 ut
538 3493 637 3564 quaeris
661 3509 738 3544 causa
765 3489 832 3544 duos
856 3494 898 3546 vel
941 3493 1055 3565 rebusque
1068 3493 1445 3566 circumsessus,utrumqrseproe-

321 3604 322 3608 =
392 3583 444 3623 tres
460 3584 536 3624 testes
548 3572 672 3643 postulet.
686 3571 812 3624 Nonnulli
827 3571 899 3624 eodi-
940 3584 1004 3625 stare
1017 3593 1114 3646 nequeo.

391 3649 823 3723 oesMSS.exhibentcedere,quod
831 3651 899 3705 Gro-
982 3650 1444 3724 5.Scs'pioneAsrlcauo.MiuoreAEmi·

390 3731 471 3782 novio
489 3730 581 3800 placet.
602 3733 706 3804 Lipsius
722 3729 818 3784 exinde
837 3751 899 3802 con·
939 3732 1019 3785 lieno.
1031 3765 1069 3776 --
1091 3735 1254 3806 Testatesque.
1271 3731 1366 3784 Cicero
1377 3729 1443 3794 rull,

389 3810 447 3880 jioit
457 3809 560 3872 cedere,
574 3810 601 3863 id
615 3825 653 3866 est
666 3811 778 3885 perdere
790 3824 816 3865 et
829 3811 897 3865 asili·
940 3811 1091 3884 Scipionem
1111 3813 1179 3866 inter
1199 3825 1226 3866 et
1239 3812 1377 3864 Metellum
1391 3807 1444 3862 dis·

390 3909 459 3960 gere.
474 3891 628 3944 Perizonius
641 3893 715 3946 mslit
728 3893 820 3946 roden.
939 3892 1087 3945 sensionem
1100 3904 1202 3946 tantum
1211 3891 1290 3945 fuisse
1303 3891 1361 3944 sine
1375 3907 1443 3942 soer-

433 3971 458 4024 3.
481 3971 644 4042 Etreligs'oni.
658 3972 727 4037 Quis
741 3973 896 4039 affirmavit,
938 3973 1028 4026 bitate.

391 4065 482 4100 verum
501 4069 569 4116 esse,
587 4050 659 4123 quod
680 4051 790 4107 dixerat.
803 4085 844 4096 --
861 4055 898 4106 Et
980 4057 1006 4107 6.
1022 4054 1187 4124 Interemptum
1198 4051 1339 4124 Sciorbncm.
1349 4053 1400 4104 Au.
1409 4047 1442 4102 U.

389 4132 506 4180 eomnsunl
516 4131 622 4182 utilitati.
638 4131 679 4183 Ne
694 4133 753 4202 quis
767 4134 847 4188 unius
857 4146 895 4188 te·
940 4137 1006 4197 624.
1023 4135 1147 4198 Constat,
1159 4133 1309 4204 Scipionem
1325 4131 1444 4185 celeriter

388 4207 513 4262 stimonio
524 4209 724 4280 periclitaretur.
938 4227 1087 4280 mortuum
1107 4231 1161 4285 quo
1181 4225 1269 4269 autem
1284 4213 1377 4267 mortis
1399 4227 1441 4280 ge·
