3196 5122
378 537 452 609 260
565 535 789 604 VALERII
817 532 1024 601 ΜΑΧΙΜΙ
1052 531 1148 600 le.
1183 531 1248 600 lv.

372 673 504 741 tissima.
523 671 641 762 Itaque
662 665 801 736 effectus
820 690 897 735 suos
923 665 956 732 in
984 661 1078 734 claris
1107 665 1185 734 viris
1211 684 1440 760 recognoscat.

433 801 461 846 ι.
481 775 588 868 Atque
607 789 643 844 ut
661 773 703 842 ab
724 769 950 842 incunabulis¹
974 771 1093 840 summi
1115 769 1250 842 honoris
1269 774 1441 868 incipiam,

373 883 408 954 Ρ.
421 881 592 966 Valerius,
605 883 660 974 qui
678 879 790 974 populi
806 879 1010 972 majestatem
1027 877 1233 966 venerando,
1247 882 1442 974 Poplt'coloe

372 1014 494 1060 nomen
515 1001 708 1082 assequutus
722 1001 789 1070 est,
807 1011 928 1080 quum,
943 986 1065 1054 exactis
1077 985 1224 1080 regibus,
1244 986 1371 1080 imperii
1386 1013 1442 1056 eo-

370 1121 445 1166 rum
465 1097 533 1163 virn
552 1096 755 1180 universam,
776 1095 951 1186 omniaque
972 1092 1110 1186 insignia
1129 1091 1190 1160 sub
1205 1091 1301 1161 titulo
1323 1119 1440 1164 consu·

370 1200 457 1274 latus
483 1204 517 1270 in
546 1226 580 1270 se
609 1198 765 1268 translata
794 1213 966 1284 cerneret,
996 1197 1194 1266 invidiosum
1225 1201 1438 1293 magistratus

370 1309 537 1402 fastigium
562 1305 788 1376 moderatione
811 1305 852 1374 od
881 1301 1083 1373 tolerabilem
1111 1304 1259 1373 habitum
1281 1305 1437 1396 deduxit,

369 1413 490 1486 fasces²
518 1413 687 1483 securibus
709 1410 983 1498 vacuefacicndo,
1014 1425 1047 1479 et
1073 1413 1106 1478 in
1130 1412 1290 1480 concione
1312 1411 1438 1508 populo
1538 1485 1543 1494 ,

370 1519 615 1606 submittend03
634 1543 808 1588 numerum
833 1541 964 1612 quoque
985 1543 1099 1586 eorum
1123 1517 1257 1587 dimidia
1278 1543 1318 1587 ex
1342 1535 1438 1614 parte

369 1613 516 1710 minuit³,
537 1625 625 1694 ultro
640 1627 694 1719 Sp.
721 1625 876 1694 Lucretio
895 1622 1020 1718 collega
1040 1637 1235 1718 assumpto,
1257 1623 1299 1694 ad
1317 1651 1438 1720 quern,

369 1737 445 1830 quia
473 1734 580 1826 major
608 1746 688 1800 natu
716 1745 802 1816 erat,
821 1733 947 1825 priores
975 1719 1099 1800 fasces⁴
1124 1729 1294 1800 transferri
1319 1733 1434 1826 jussit:

368 1840 475 1936 legem
493 1841 591 1908 etiarn
606 1839 745 1908 comitiis
762 1820 970 1922 centuriatis⁵
989 1835 1078 1923 tulit,
1094 1861 1137 1906 rte
1157 1843 1234 1932 quis
1255 1845 1435 1932 ntagirtra-

368 1965 423 2020 tus
442 1955 545 2019 errem
565 1969 744 2016 romanum
765 1943 925 2014 adversm
933 1949 1214 2040 provocationem
1234 1945 1431 2031 verberare,

367 2140 501 2203 nentium,
513 2137 714 2200 abstinentiam,
730 2149 877 2207 temperan-
922 2135 1023 2208 Poplic.
1038 2136 1066 2189 in
1082 2136 1148 2190 urbe
1165 2155 1268 2192 secum
1282 2157 1298 2190 a
1315 2139 1432 2193 fascibus

369 2222 432 2274 dam
448 2221 476 2272 in
494 2239 521 2270 se
542 2219 669 2271 continet.
685 2217 743 2270 Hoc
759 2218 817 2270 loco
830 2235 877 2270 au·
922 2216 1286 2288 separarit.Liv.XX1V,9.

368 2313 422 2353 tem
436 2299 560 2352 strictiori
576 2316 653 2350 sensu
671 2315 700 2348 ea
723 2310 761 2349 est
777 2297 878 2361 virtus,
963 2296 989 2349 3.
1011 2295 1200 2350 Numerarem..
1217 2301 1310 2351 miserit.
1329 2299 1434 2352 Conm-

368 2375 764 2451 quas,ssrrogantiaeoppoita,
781 2377 878 2428 itanos
921 2376 991 2428 libus
1015 2377 1109 2430 creatis
1138 2395 1221 2448 qttum
1246 2377 1326 2430 initio
1354 2379 1434 2432 fasces

368 2458 475 2528 dirigit,
496 2470 525 2509 ut
549 2453 654 2508 modice
674 2467 720 2506 aut
742 2453 878 2508 moderate
922 2455 1015 2508 XXIV
1030 2457 1234 2526 proferrentur,
1247 2457 1360 2528 singulis
1370 2471 1434 2530 puta

367 2537 401 2592 de
411 2537 487 2589 nobis
495 2533 769 2594 sentiamus,honoris
777 2534 879 2605 gloriss-
922 2536 990 2600 Xli,
1006 2533 1173 2588 invidiosam
1185 2553 1227 2589 res
1236 2535 1291 2590 sisa
1302 2550 1342 2590 est
1350 2577 1358 2606 ,
1367 2551 1434 2592 tam·

367 2636 420 2691 que
438 2613 610 2688 cupiditatem
633 2612 731 2666 debitis
748 2614 878 2666 limitibus
921 2631 1000 2684 quam
1016 2633 1070 2666 nou
1084 2615 1216 2668 sublatum
1234 2635 1366 2688 regnum,
1387 2615 1432 2672 sed

366 2697 562 2754 contineamus.
579 2708 604 2747 et
619 2693 711 2765 procul
727 2695 760 2745 ab
776 2691 876 2746 invidis
922 2691 1085 2765 duplicatum
1099 2709 1173 2750 esset.
1193 2695 1270 2748 Plebs
1290 2697 1362 2750 enirn
1378 2717 1433 2751 non

366 2789 393 2831 et
404 2775 595 2828 obtrectatione
608 2774 716 2838 remoti,
728 2773 784 2825 aliis
797 2773 877 2825 etiem
920 2791 981 2826 raro
991 2775 1017 2826 in
1031 2771 1144 2828 externis
1153 2773 1233 2828 hasr'et
1244 2776 1335 2848 signis.
1346 2778 1433 2842 Quam

367 2877 440 2911 suem
453 2853 559 2908 landem
569 2853 724 2907 tribuemus.
744 2851 876 2905 Olirerius
921 2853 956 2904 ob
972 2871 1028 2906 rem
1044 2855 1165 2908 Valerius
1186 2855 1318 2920 instituit,
1330 2869 1359 2908 ut
1377 2858 1432 2910 ΧΠ

366 2935 576 2992 moderationem
602 2946 678 2986 vocat
699 2930 877 3003 cupiditatum
919 2943 1025 2986 tantum
1044 2933 1126 2986 fasces
1152 2935 1384 3007 conspicerentur,
1404 2951 1433 2991 et

366 3013 877 3086 nostrarumquasirefrenatrirern,quat
922 3013 1027 3065 alternis
1043 3014 1177 3066 mensibus
1193 3013 1263 3086 apud
1287 3027 1433 3088 utrumque

365 3111 471 3153 nostros
488 3096 599 3148 solutius
619 3093 720 3163 evagari
740 3109 795 3144 non
809 3093 877 3144 sinat
921 3092 1054 3144 consulem
1068 3093 1228 3147 essent.Vid.
1242 3095 1293 3146 Dio
1309 3095 1432 3163 Cassius,

367 3179 494 3240 allectus,
510 3173 555 3226 sed
573 3186 706 3244 tamquam
722 3185 876 3224 ceterarum
921 3171 1099 3224 vastent.
1109 3173 1149 3237 11,
1159 3173 1429 3245 rba-Spumea.

366 3260 496 3311 virtutum
510 3255 617 3324 auriga,
631 3252 747 3305 bominis
759 3253 877 3304 animum
920 3251 973 3316 Qui
988 3267 1070 3322 quum
1087 3252 1156 3306 intra
1172 3271 1270 3324 paucos
1283 3251 1342 3308 dies
1360 3255 1430 3308 diem

366 3339 403 3392 its
417 3347 572 3406 componat,
583 3345 612 3384 ut
626 3329 753 3404 quicquid
767 3331 875 3396 fecerit,
907 3329 1047 3398 obiisset,
1071 3333 1196 3386 suffectus
1218 3333 1245 3386 in
1268 3337 1326 3406 ejus
1342 3336 1430 3390 locum

367 3431 413 3470 sut
426 3414 536 3478 dixerit,
548 3411 658 3464 omuino
672 3410 876 3483 reprehensione
920 3409 1046 3463 Horatius
1058 3411 1187 3464 Puluillus
1202 3425 1249 3465 est.

368 3507 463 3551 areat.
961 3495 987 3553 f.
1001 3491 1098 3542 I’rt'ores
1106 3493 1196 3558 fasces.
1207 3491 1299 3545 Fasces
1309 3497 1379 3564 prior
1387 3513 1431 3548 stt·

411 3595 435 3628 r.
448 3569 660 3626 Abrincatnabulis.
677 3572 699 3622 Α
711 3571 803 3640 primis
815 3587 877 3620 con·
919 3571 1007 3622 ruebat
1019 3573 1097 3640 major
1107 3583 1174 3626 reatu.
1189 3571 1257 3624 Geli.
1271 3573 1313 3636 ll,
1326 3575 1367 3626 15.
1379 3575 1433 3626 Po·

368 3655 476 3709 sulibus.
491 3655 540 3704 An.
555 3651 589 3704 U.
607 3656 670 3714 244.
685 3649 741 3700 Liv.
756 3648 799 3714 115
813 3649 877 3700 Dio·
919 3661 972 3701 stes
985 3650 1041 3720 lege
1052 3650 1190 3716 tutisitte,
1205 3653 1332 3723 quipiam
1341 3654 1431 3707 tatem

367 3755 426 3808 ψ,
444 3732 565 3797 v3F10r.
581 3731 608 3794 l,
627 3750 653 3798 9.
919 3728 1037 3792 laubebut,
1059 3743 1102 3782 aut
1116 3736 1158 3802 qui
1174 3736 1266 3802 primus
1281 3739 1431 3788 nmmum

411 3811 591 3870 a.Fusces.Ab
603 3807 737 3862 Hetruscis
749 3826 808 3860 cum
818 3807 875 3860 aliis
918 3820 979 3858 erat.
995 3807 1102 3863 Sueton.
1119 3811 1173 3864 tut.
1189 3830 1212 3864 c.
1228 3813 1281 3876 23,
1298 3813 1356 3868 Lis.
1374 3815 1429 3881 IX,

367 3896 567 3968 magistratuum
579 3890 723 3961 insignibus
737 3887 769 3940 nd
782 3889 876 3941 Roma·
920 3888 946 3940 8.
963 3887 1015 3940 Pro
1026 3894 1117 3960 priores
1133 3890 1204 3944 haud
1225 3893 1294 3944 male
1303 3899 1429 3963 priorem,

368 3995 416 4028 nos
430 3974 567 4027 transiere.
583 3971 665 4022 Erant
679 3969 766 4022 bacilli
781 3981 875 4022 teretes
919 3981 949 4020 ut
971 3967 1003 4020 sd
1024 3969 1172 4039 precedens
1193 3991 1258 4044 quem
1282 3974 1430 4041 referatur,

367 4055 395 4109 in
406 4051 514 4106 modurn
527 4051 602 4103 fascis
617 4049 739 4120 colligati.
756 4047 874 4112 Plinius,
920 4047 1017 4100 babent
1031 4049 1150 4104 Perizon.
1165 4050 1239 4104 Leid.
1253 4065 1318 4106 sest.
1333 4053 1429 4127 Ultraj.

368 4133 453 4196 XVI,
471 4135 521 4191 18,
539 4130 641 4180 betulam
657 4127 763 4178 arborem
780 4129 875 4178 terrilt'·
920 4139 1031 4200 uterque
1044 4143 1070 4180 et
1083 4129 1124 4183 ed.
1140 4131 1209 4202 lllog.

367 4211 412 4266 lem
427 4211 464 4266 ait
479 4211 663 4280 magistratuum
679 4209 767 4276 virgis.
784 4207 874 4259 Valet.
963 4209 989 4261 5.
1012 4207 1432 4268 Comitiisrentttriett's.1)eoemi·
