3196 5122
328 547 432 614 CAP.
457 545 576 630 VIII,
603 544 671 611 DE
699 543 1046 614 CONSTANTIA.
1139 543 1207 617 251

158 681 263 750 dares.
289 681 339 746 Tu
362 692 472 745 tamen
497 675 606 762 illum,
635 677 745 745 nescio
771 676 890 770 quibus
914 677 1055 746 tenebris
1076 669 1211 771 protra-

158 784 483 880 ctum¹pcrtentum,
499 781 687 852 exsecrabili
703 781 839 852 audacia
850 767 891 852 ad
905 784 1129 878 usurpandam
1141 785 1216 854 alie·

156 917 234 962 uam
255 891 534 986 propinquitatem
555 888 758 974 tendentem,
780 887 936 982 repulisti.

212 1023 246 1094 7.
268 1000 344 1068 Non
367 996 624 1091 indignabuntur
647 995 748 1064 Urbis
774 1009 894 1064 nostrae
917 993 1054 1080 lumina,
1081 999 1107 1066 si
1128 998 1215 1067 inter

155 1129 272 1174 eorum
299 1105 453 1172 eximium
484 1101 664 1196 fulgorem,
697 1103 927 1171 centurionum
954 1125 1084 1195 quoque
1109 1105 1214 1173 virtus
1306 1136 1310 1148 ·

156 1209 369 1306 spectandam
388 1233 421 1277 se
435 1207 598 1276 obtulerit.
618 1210 703 1276 Nam
722 1223 759 1275 ut
777 1207 942 1276 humilitas
964 1205 1213 1302 amplitudinem

155 1317 306 1385 venerari
324 1314 438 1400 debet,
454 1316 499 1382 ita
516 1312 702 1381 nobilitate²
725 1313 866 1381 fovenda
880 1315 1001 1406 magis,
1015 1337 1113 1406 marn
1129 1339 1214 1410 spen

156 1421 263 1490 nenda
277 1421 371 1490 bonae
383 1419 501 1489 indolis
518 1420 646 1487 novitas
662 1432 719 1486 est.
735 1420 787 1485 An
801 1418 889 1512 abigi
902 1417 1000 1486 debet
1013 1403 1069 1485 Τ.3
1079 1421 1213 1492 Pontius

154 1529 198 1596 ab
211 1528 330 1598 borum
344 1524 568 1619 exemplorum
584 1521 761 1591 contextu?
775 1525 829 1617 qui
844 1549 904 1618 pro
916 1524 1054 1592 Caesaris
1067 1526 1214 1618 partibus

155 1631 506 1725 excubans,Scipi0nis
517 1629 668 1724 praesidio
681 1631 898 1725 interceptus,
911 1654 1013 1724 quum
1032 1655 1100 1699 uno
1116 1632 1215 1702 modo

145 1727 243 1810 'salus
265 1739 307 1807 ab
329 1763 368 1805 eo
386 1736 536 1822 daretur,
563 1737 590 1804 si
613 1761 647 1806 se
665 1735 813 1806 futurum
832 1739 895 1804 Cn.
915 1737 1079 1830 Pompeii,
1102 1739 1214 1831 generi

154 1848 275 1939 ipsius,
290 1842 425 1911 militem
443 1829 665 1929 affirmassed,
680 1844 723 1910 ita
740 1841 936 1936 respondere
951 1867 1019 1910 uon
1033 1841 1213 1912 dubitavit:
1261 1901 1263 1906 ,

160 1951 240 2020 Tibi
249 1949 398 2042 quidem,
417 1951 549 2044 Scipio,
562 1953 699 2042 gratius
711 1972 799 2042 ago:
813 1947 877 2016 sed
888 1948 970 2018 mitri
981 1954 1033 2016 uti
1044 1953 1112 2018 ista
1129 1974 1213 2020 con-

155 2055 286 2125 ditione
303 2059 386 2124 citae
406 2079 476 2124 non
496 2070 549 2123 est
563 2079 658 2150 opus.
679 2055 756 2124 Siue
774 2052 847 2124 ullis
861 2054 1057 2149 imaginibus
1070 2055 1212 2126 nobilem

156 2157 326 2232 animum!

214 2267 246 2338 8.
265 2269 357 2336 Idem
380 2267 571 2336 constantia
594 2268 800 2362 propositum
821 2279 977 2358 sequutus
1000 2269 1037 2334 C.
1062 2252 1212 2336 Mevius⁵

155 2375 307 2442 centurio
321 2373 387 2441 divi
405 2374 558 2468 Augusti,
574 2397 674 2466 quum
690 2373 874 2441 Antoniano
888 2370 974 2440 bello
987 2396 1212 2467 saepenumero

154 2478 351 2548 excellentes
374 2503 502 2573 pugnas
526 2478 693 2566 edidisset,
717 2478 901 2574 improvisis
920 2478 1063 2547 bostium
1089 2479 1212 2551 insidiis

154 2587 419 2672 circumventus,
445 2599 479 2653 ct
502 2584 545 2653 ad
562 2585 741 2654 Antonium
760 2583 995 2655 Alexandriam
1016 2585 1212 2680 perductus,

197 2792 223 2828 r.
244 2775 355 2827 Tenebris
367 2785 523 2845 protractior.
537 2773 559 2825 Ε
571 2773 661 2826 Firmo
704 2773 826 2826 nonnulli
834 2771 991 2837 dicunchoc
997 2773 1135 2844 contigisse
1141 2771 1211 2844 apud

154 2853 301 2920 Piceno,et
310 2854 430 2908 obscuris
440 2853 593 2926 parentibus
602 2873 663 2924 pro·
706 2852 902 2904 Haliacmonem
923 2851 1047 2916 flurium,
1061 2854 1107 2923 qui
1123 2854 1212 2904 Mece-

155 2947 281 2986 creatum.
706 2929 814 2984 doniam
828 2929 924 2984 dividit
938 2949 952 2980 a
965 2930 1114 2998 Thessalia,
1130 2949 1212 3002 quum

199 3032 224 3067 a.
241 3011 383 3067 Nobilitate.
399 3011 432 3065 ld
445 3024 498 3076 cst,
511 3029 526 3064 a
541 3011 665 3064 nobiliss·
707 3009 796 3081 Scipio
803 3009 835 3061 ad
843 3009 998 3080 Pompeium
1008 3021 1212 3080 properaret,et

154 3103 188 3144 te.
202 3097 268 3146 Nam
278 3092 418 3164 participia
429 3093 457 3144 iu
466 3093 511 3147 dus
521 3089 663 3162 aliquando
706 3102 737 3140 ut
753 3087 901 3160 expeditius
916 3089 967 3141 iter
980 3088 1092 3152 faceret,
1106 3089 1145 3141 Μ.
1162 3089 1211 3142 Fa·

154 3172 193 3224 sic
212 3183 420 3237 construuntur,
439 3183 469 3223 nt
490 3171 610 3224 Perizon.
630 3170 663 3223 sd
706 3169 818 3220 eonium
838 3187 900 3220 cum
924 3179 984 3220 octo
1007 3167 1160 3221 cohortibus
1177 3167 1211 3220 ad

154 3249 255 3302 Sanctii
270 3251 383 3303 Minerv.
405 3248 491 3302 docet.
507 3250 559 3301 Alii
577 3250 663 3308 nobili·
707 3248 905 3301 Haliacmonem
929 3247 957 3301 in
981 3246 1104 3318 presidio
1130 3248 1211 3300 collo·

156 3331 223 3389 totr',·
242 3341 267 3382 at
280 3341 397 3382 nostram
416 3329 557 3381 lectionem
574 3331 665 3384 fovent
706 3341 803 3393 cesset,
822 3339 847 3380 et
872 3325 945 3398 quod
971 3327 1081 3379 Pontius
1101 3345 1209 3398 oppres·

154 3407 267 3478 plurimi
281 3407 358 3460 codd.
372 3407 447 3461 Mss.
464 3419 490 3460 et
504 3406 565 3461 edd.
707 3427 750 3461 sus
761 3407 848 3461 subito
860 3405 974 3460 adventu
988 3406 1118 3478 Scipionis
1132 3407 1212 3460 luerit

201 3487 227 3540 3.
248 3487 278 3538 Τ.
298 3487 407 3540 Pontius.
422 3488 472 3540 An.
486 3485 522 3538 U.
541 3505 607 3557 7⁰7·
622 3487 663 3542 Cf.
706 3489 888 3559 interceptus,
909 3498 993 3540 totum
1013 3487 1127 3552 falsum,
1146 3498 1211 3540 teste

157 3566 262 3620 Hirtius
275 3562 309 3618 de
323 3565 395 3620 Bello
407 3566 488 3618 Afric.
505 3584 528 3620 c.
544 3566 590 3628 ts.
706 3567 764 3639 ipso
778 3568 895 3630 Caesare,
910 3567 956 3638 qui
968 3563 1098 3629 ostendit,
1108 3565 1210 3619 nullum

199 3654 226 3711 4.
243 3645 295 3715 Qui
306 3665 421 3717 pro......
433 3644 582 3716 affirmasset.
605 3645 664 3700 Dis·
707 3647 745 3699 ibi
764 3647 843 3699 fuisse
861 3645 1000 3706 Pontium,
1013 3643 1059 3697 sed
1077 3645 1211 3712 Cassium,

158 3725 283 3797 crepatb.
293 3723 311 3778 l.
317 3725 438 3778 Valerius
451 3744 465 3777 a
478 3725 585 3778 Cresare.
596 3725 664 3778 Nam
706 3745 762 3778 non
774 3727 962 3795 interceptum,
975 3722 1020 3776 sed
1034 3723 1148 3779 adventu
1159 3727 1213 3778 Do-

158 3817 265 3857 mortno
280 3805 408 3876 Pompeio
422 3804 474 3858 hoc
485 3805 580 3858 lactum
593 3824 663 3866 esse,
707 3805 775 3858 mitit
797 3805 935 3858 liberatum
953 3821 960 3856 ε
979 3822 1060 3876 quare
1079 3805 1211 3857 centurio·

159 3901 190 3936 ex
209 3883 291 3954 ipsius
309 3884 503 3937 commentariis
519 3883 664 3955 colligitur,
707 3903 784 3948 nem,
802 3883 836 3937 de
855 3901 908 3954 quc
930 3883 983 3955 agit
1008 3883 1123 3949 Hirtius,
1144 3883 1212 3937 Pon·

159 3963 210 4016 uisi
229 3963 297 4016 forte
311 3964 376 4016 alter
390 3964 510 4017 centurio
529 3965 580 4016 alio
598 3977 664 4016 tem·
707 3965 773 4016 tium
782 3964 946 4017 nominatum
958 3963 1036 4016 fuisse
1045 3961 1209 4017 crediderim.

160 4059 224 4112 pore
232 4041 361 4115 Scipionis
370 4043 496 4115 presidio
505 4043 665 4115 interceptus
749 4043 774 4096 5.
789 4043 926 4096 cneum
937 4042 1022 4096 AnU.
1032 4043 1097 4113 7²3.
1108 4073 1148 4086 -
1156 4045 1212 4097 An·
1224 4065 1229 4072 ·

162 4117 194 4172 ad
206 4140 265 4174 eum
275 4123 355 4177 luerit
367 4122 511 4189 deductus,
521 4122 594 4195 quod
605 4139 666 4176 nus·
709 4125 813 4177 tortiaco.
822 4123 910 4177 Civili.
919 4123 1149 4176 -Alcrnndriam
1157 4123 1210 4176 Ubi

161 4218 240 4271 quam
248 4221 291 4256 me
299 4203 384 4274 legere
391 4204 498 4257 memini
507 4221 514 4256 :
523 4223 585 4257 nam
592 4202 664 4275 quod
707 4221 768 4256 cum
784 4203 923 4276 Cleopatra
934 4203 1015 4258 vitam
1029 4203 1058 4256 in
1073 4203 1136 4256 luxu
1151 4203 1212 4272 egit.
