3184 5132
115 495 238 515 ΟΜΜἎ

224 727 630 864 vacuari
683 731 1077 924 Maximi

124 1049 390 1114 FACTORUM
416 1049 781 1134 DICTORUMQUE
809 1051 1189 1125 MEMORABILIUM

268 1303 523 1408 LIBER
569 1303 1042 1416 SECUNDUS.

412 1577 916 1618 ——qflflfi--m

509 1794 744 1888 CAPUT
782 1801 821 1888 I.

173 2011 230 2076 De
251 2008 542 2074 matrimoniorum
564 2007 632 2070 ritu
653 2018 690 2070 et
705 2006 989 2079 necessitum'umn
1009 2013 1145 2104 officiis.

125 2213 149 2245 ι.
163 2197 304 2258 Napiirrum
313 2193 422 2256 auspiciu
431 2217 460 2228 -
475 2208 497 2240 α.
509 2193 590 2254 Epulas
601 2208 642 2239 seu
653 2193 764 2240 convivia.
774 2219 805 2231 —
816 2195 837 2242 ³.
846 2197 994 2248 marinoni·
1005 2218 1053 2250 non
1063 2217 1192 2268 mpctenra

155 2275 262 2322 hadasa.
269 2273 439 2330 -4.Primum
446 2271 576 2332 repudium.
584 2297 615 2307 -·
622 2271 644 2317 5.
653 2273 830 2320 Matrimoairlia
840 2275 935 2324 libertas
946 2295 973 2326 ac
983 2280 1098 2330 deonn-
1105 2287 1192 2334 acon.

152 2354 240 2416 jugalis
252 2350 588 2411 concordia.-7.Verecumla
599 2351 793 2414 consanguinitas.
803 2378 834 2390 -
842 2354 864 2400 8.
876 2356 997 2407 Obuiam,
1004 2387 1036 2398 -.
1044 2379 1067 2426 9,
1079 2367 1190 2414 gemm,
1255 2423 1256 2428 ,

155 2436 275 2481 honorata.
288 2458 320 2470 -
335 2448 370 2480 ιο.
382 2437 495 2479 vacntua
508 2432 640 2487 observata,
653 2432 812 2496 exemplisque
823 2434 941 2484 manacta.

122 2612 326 2732 D1vnset
344 2671 529 2752 praepotens
544 2673 669 2728 naturae
688 2683 826 2753 regnum
841 2677 1025 2754 scrutatus,
1042 2670 1186 2763 injiciam

120 2763 233 2832 stilum
245 2780 313 2833 tam
329 2778 449 2833 nostras
465 2764 681 2858 urbis,quam
697 2779 889 2836 caetcrarum
908 2773 1056 2863 gentium
1071 2780 1186 2870 priscis

120 2895 161 2940 ac
180 2869 449 2940 memorabilibus
471 2871 648 2938 institutis:
663 2895 746 2966 opus
764 2887 814 2942 est
828 2875 915 2942 enim
934 2882 1105 2969 cognosci,
1123 2883 1186 2952 hu·

115 2977 211 3070 jusce
232 2978 324 3062 vitae,
344 3001 444 3071 quam
466 2975 528 3044 sub
550 2977 676 3070 optimo
699 2976 864 3072 principc¹
888 2977 1015 3049 felicem
1038 2987 1185 3078 agimus,

117 3107 273 3176 quaenain
285 3083 406 3152 luerint
415 3081 594 3170 elementa,
603 3095 643 3150 ut
652 3106 768 3151 eorum
782 3109 913 3178 quoque
923 3103 1091 3182 respectus
1102 3118 1186 3188 prae-

118 3189 270 3256 sentibus
288 3187 409 3282 aliquid
428 3187 574 3257 moribus
590 3190 705 3282 prosit.

183 3317 213 3360 1.
232 3292 330 3386 Apud
350 3291 519 3387 antiquos²
541 3319 610 3362 non
630 3291 736 3363 solum
759 3293 906 3389 publice,
920 3299 978 3368 sed
995 3303 1097 3372 etiam
1113 3307 1185 3399 pri-

166 3511 193 3545 1.
211 3490 263 3543 Sub
283 3494 371 3560 optimo
383 3494 498 3561 principe.
523 3491 633 3558 Tiberio,
676 3492 713 3546 tic
730 3489 868 3566 descripsit
884 3496 913 3548 in
928 3497 1005 3561 calc,
1019 3499 1053 3552 ab
1067 3502 1183 3572 oriente,

119 3572 166 3625 cui
182 3569 316 3623 adulatur.
329 3599 370 3611 -
384 3571 519 3623 Elementa.
534 3571 634 3624 Princi·
676 3572 710 3623 ab
723 3570 876 3638 occidente,
889 3588 979 3645 postca
994 3595 1009 3628 a
1023 3579 1145 3650 meridie,
1156 3599 1183 3640 et

118 3653 174 3724 pia.
192 3681 233 3694 --
248 3651 343 3702 Eorum
358 3668 448 3721 quoque
464 3663 587 3720 respectus.
600 3648 633 3703 Id
676 3669 691 3702 a
706 3653 894 3722 septemtrione
909 3655 1087 3726 prospiciens,
1099 3680 1182 3733 qum.

119 3744 174 3796 est,
195 3730 312 3782 ciceiam
329 3729 390 3782 vita
408 3741 505 3782 nostra
526 3730 633 3784 initium
676 3743 733 3782 tum
753 3731 823 3784 oculi
840 3732 909 3785 ferre
925 3745 1055 3804 poterant.
1077 3739 1183 3798 Partem

119 3809 203 3882 paulo
218 3809 364 3862 accuratius
379 3797 589 3862 consideramus
676 3811 709 3864 ab
725 3809 827 3864 oriente
846 3811 987 3882 appellavit
1003 3819 1127 3887 anticam,
1149 3827 1182 3878 ab

164 3909 191 3942 a.
219 3889 298 3961 Apud
321 3893 447 3961 antiquos,
469 3901 519 3941 etc.
546 3887 633 3942 Numa
676 3887 812 3942 occidente
822 3893 1110 3960 posticum-meridie
1119 3901 1184 3958 dex·

120 3979 633 4120 {Ulalzssffilssllzllalss
676 3980 1185 4127 lilaelz‘lt‘gssllzatlffi

120 4127 219 4182 inlocc
235 4127 306 4182 edito
322 4126 557 4193 ascendens,lituo
573 4145 632 4198 apa·
677 4127 765 4180 animo
782 4123 918 4201 educepit,
935 4151 994 4207 qua
1013 4139 1139 4210 auspicia,
1160 4158 1186 4197 ea

175 4239 207 4306 I.
