3190 5122
288 546 392 618 cte.
421 547 455 634 1,
482 543 551 614 un
578 541 780 614 aunan.
809 539 871 614 ar
898 543 1055 616 canu.
1131 545 1206 646 339

139 706 280 754 romano
301 681 446 750 debitam
474 679 722 746 venerationem
750 677 960 746 tribuendam
991 679 1208 770 existimavit3

141 793 250 884 itaque
272 811 411 883 puerum
434 782 587 864 annulo¹,
609 783 775 877 fibulaque
805 805 924 871 aurea,
944 799 978 852 et
1000 787 1112 856 tunica
1136 785 1208 856 lati·

139 895 262 981 elavia‚
276 895 481 988 hispanoque
496 889 627 984 sagulo,
641 905 674 958 et
693 904 812 958 ornato
827 915 912 982 equo
929 891 1104 978 donatum,
1123 893 1208 964 datis

138 1003 197 1095 qui
210 1025 286 1069 eum
302 1011 581 1116 prosequerentur
592 995 772 1090 equitibus,
784 996 825 1064 ad
840 999 1046 1066 Masinissam
1062 1001 1206 1070 remisit:
1295 1087 1306 1096 ι

141 1133 198 1176 eos
210 1109 311 1202 igitur
327 1105 471 1174 victoriae
484 1103 645 1171 maximos
660 1103 787 1172 fructus
802 1101 910 1172 ratus²
915 1103 993 1191 ,diis
1008 1105 1209 1200 templorum

141 1227 352 1294 ornamenta,
368 1211 500 1304 regibus
522 1211 714 1339 sanguinem
736 1232 832 1276 suum
848 1211 1030 1278 restituere

199 1321 231 1390 8.
268 1321 306 1388 L
335 1319 433 1386 etiam
461 1300 616 1383 Paulli³'
608 1339 641 1381 m
671 1313 726 1380 tali
759 1340 877 1409 genere
912 1315 1016 1384 laudis
1050 1321 1209 1388 memoria

141 1423 421 1521 apprehendenda
447 1435 528 1490 est:
555 1422 611 1514 qui
632 1444 734 1512 quum
761 1423 901 1506 Persen,
930 1423 1024 1516 parvi
1050 1428 1208 1519 temporis

141 1546 313 1601 momento
330 1531 498 1624 captivum
511 1549 659 1619 ortega,
672 1525 713 1593 ad
729 1551 762 1594 se
781 1525 900 1595 adduci
916 1527 1075 1612 audisset,
1088 1555 1209 1599 occur-

142 1625 208 1707 ritl
223 1641 253 1707 ei
268 1637 396 1705 romani
411 1635 540 1726 imperit
534 1631 734 1700 decoratus
748 1636 949 1702 ornamentis
964 1649 1210 1730 ,conatumque

143 1745 186 1813 ad
209 1767 317 1870 genua
338 1738 576 1835 procumbere,
594 1737 709 1806 dextra
734 1762 833 1807 manu
857 1738 1028 1824 allevavit,
1047 1757 1081 1809 et
1102 1767 1209 1836 graeco

143 1873 297 1920 sermone
306 1833 378 1914 ⁵ad
398 1869 489 1940 spem
509 1845 701 1912 exhortatus
720 1859 786 1932 est3
812 1796 1038 1915 introductuth
1059 1849 1157 1916 etiam
1176 1851 1211 1919 in

143 1951 413 2036 tabernaculum,
428 1951 520 2020 lateri
541 1975 600 2019 suo
618 1953 804 2044 proximum
820 1953 853 2019 in
868 1951 1004 2021 consilio
1020 1953 1152 2023 sedere
1141 1981 1210 2048 Jus

144 2045 221 2148 sit⁶,
242 2084 304 2128 nec
322 2059 450 2127 honore
469 2081 589 2126 mensae
616 2056 788 2152 indignum
807 2057 976 2150 judicavit.
1003 2061 1212 2155 Proponatur

143 2246 262 2317 lipsius,
276 2242 497 2296 mentemVslerii
510 2242 554 2296 hic
569 2242 657 2295 minus
701 2243 763 2296 noll.
782 2243 879 2294 11.
901 2244 1034 2297 Romani..
1041 2251 1211 2303 amaneus.

143 2337 271 2378 attentam
286 2325 373 2376 luisse.
385 2325 455 2376 Tum
470 2322 540 2374 enim
557 2335 658 2393 tempo·
700 2321 848 2393 Tamquam
864 2319 973 2376 honoris
988 2325 1071 2394 grstia
1088 2325 1126 2378 illi
1142 2327 1211 2398 regi,

142 2403 519 2476 ris,quumScipioMassivam
527 2402 657 2453 remiserit
700 2421 753 2454 non
770 2402 875 2473 captivo
887 2401 1007 2473 prodiret
1018 2405 1132 2460 obviam.
1150 2407 1212 2462 Fuit

143 2484 179 2538 ad
187 2482 578 2548 Masinissam,inlensissisuum
585 2481 657 2534 huno
699 2495 786 2536 eutem
803 2494 895 2553 ceptus
909 2482 999 2536 Perses
1012 2502 1025 2534 s
1037 2485 1086 2538 Cn.
1098 2485 1210 2542 Octavio

142 2584 256 2618 rontano
269 2563 372 2616 nomini
386 2563 473 2615 luisse.
699 2580 759 2614 cum
770 2559 875 2614 duobus
886 2562 948 2614 liliis
957 2563 1105 2617 Alexandro
1116 2580 1143 2619 et
1149 2567 1211 2620 Phi·

189 2664 213 2698 s.
227 2645 336 2697 Annulo.
349 2643 410 2708 Quo
426 2643 554 2712 ingenuos
567 2639 657 2694 ornari
698 2639 786 2713 lippo,
802 2639 866 2694 dum
883 2642 1004 2712 lugerent
1017 2645 1044 2696 in
1058 2643 1209 2718 Samothra·

142 2722 656 2797 pueros,euaserat-Fibulaquerss
699 2721 844 2790 cinaeum
862 2719 953 2774 decem
967 2723 1082 2778 millibus
1098 2727 1210 2780 talento·

143 2807 172 2857 in
187 2805 305 2857 humeris
315 2803 436 2856 militaris
448 2803 527 2854 vestis
538 2801 658 2854 necteba·
699 2819 769 2853 rum.

143 2898 204 2938 tur:
220 2883 254 2936 de
266 2885 317 2936 lato
330 2896 356 2935 et
369 2893 473 2952 ungento
486 2883 567 2947 clauo,
582 2897 656 2936 sens·
741 2881 768 2933 5.
796 2880 884 2934 Gnaeo
903 2899 1014 2936 sermone.
1038 2882 1096 2936 Hoc
1118 2887 1211 2955 preci·

142 2964 208 3018 torii
218 2976 244 3016 et
253 2963 380 3034 equestris
393 2960 495 3014 ordinis
505 2960 602 3032 insigni
612 2979 656 3012 or·
699 2979 784 3031 puutn
815 2961 984 3014 humanitatis
1010 2977 1211 3034 argumentum,

141 3057 286 3106 numento,
301 3057 434 3112 tamquam
448 3040 572 3094 reeutvis
586 3053 658 3111 tyro·
700 3059 752 3110 qus
770 3039 905 3094 descendit
927 3041 956 3093 in
976 3041 1063 3094 Persei
1084 3044 1209 3098 solamen.

142 3142 212 3178 num
230 3134 306 3186 nota,
324 3139 378 3173 non
397 3133 449 3186 est,
468 3119 541 3192 quod
559 3118 655 3173 dicam.
701 3120 768 3173 Nam
778 3121 880 3173 romani
892 3119 1007 3173 nominis
1018 3124 1136 3193 majestas
1149 3124 1210 3178 aliae

141 3235 184 3247 ...
194 3202 350 3271 Hispanoque
358 3201 452 3269 sagulo.
461 3201 572 3252 Militari
582 3200 658 3252 brevi
700 3219 755 3252 non
766 3200 884 3274 permisit
894 3218 955 3253 eum
966 3201 1065 3254 Graecis
1073 3202 1208 3274 loquenti,

142 3295 231 3346 reste,
251 3299 303 3351 qua
317 3280 460 3332 utebantur
478 3279 587 3350 Hispani
603 3280 657 3332 vir·
701 3280 763 3345 alia,
773 3293 869 3352 preter
878 3281 1000 3345 latinam,
1014 3281 1104 3350 linqua
1115 3283 1212 3336 uti.Vi·

140 3375 205 3435 gata
214 3373 240 3412 et
249 3358 658 3412 versicolore-OrnatoNerbi
700 3358 734 3412 de
752 3379 830 3430 supra
845 3362 885 3424 11,
908 3380 938 3424 s,
957 3381 983 3413 a.
999 3361 1104 3414 Paullus
1119 3361 1211 3415 afflicti

140 3460 238 3504 causa,
256 3440 380 3510 phaleris.
700 3439 769 3511 regis
780 3438 897 3502 dolores,
910 3452 1039 3510 quantum
1049 3454 1166 3511 poterat,
1176 3443 1212 3494 le-

189 3539 217 3573 s.
233 3521 317 3570 Ratsu.
340 3517 382 3570 Sic
397 3516 471 3570 MSS.
490 3534 581 3572 omnes
597 3534 658 3570 oum
701 3519 759 3572 nire
781 3519 890 3574 studuit.
910 3518 942 3572 ld
961 3532 1047 3572 umen
1070 3523 1211 3593 impetrare

140 3598 222 3655 editt.
243 3609 303 3650 ante
323 3597 466 3669 Pighium,
487 3597 533 3668 qui
550 3615 584 3649 ex
601 3597 658 3650 solo
701 3617 747 3652 rex
766 3618 820 3652 non
837 3612 954 3668 poterat,
973 3611 1004 3650 ut
1026 3601 1210 3672 atriumphali

140 3679 209 3735 cod.
222 3678 362 3748 Campensi
384 3675 458 3729 dedit
478 3681 526 3728 rati
542 3677 655 3738 Romani,
701 3697 798 3750 pompa
807 3678 978 3740 eximeretur,
989 3677 1040 3729 nisi
1049 3682 1211 3734 seesimeret

141 3757 309 3814 neValerius
322 3756 475 3810 Africanum
485 3757 658 3827 posteriorem
701 3759 804 3829 ipsum,
818 3756 891 3828 quod
905 3756 998 3808 noluit.

141 3851 170 3894 et
183 3837 350 3910 superiorem
363 3835 513 3890 confudisse
525 3835 658 3900 videatur
743 3842 770 3890 6.
794 3837 900 3890 Consilio
924 3835 1003 3886 sedere
1021 3839 1103 3907 jessit.
1127 3837 1211 3893 Aldus

70 3910 76 3921 ¹
141 3919 178 3974 de
194 3938 249 3990 quo
265 3915 320 3970 vid.
336 3935 416 3986 supra
431 3930 487 3968 not.
505 3922 530 3978 4.
702 3914 846 3968 ediderat:
866 3915 946 3966 sedam
964 3917 1034 3980 feeit.
1058 3918 1208 3989 Perpetem.

185 3999 214 4052 3,
230 4000 261 4051 L.
279 4002 350 4048 etiam
366 3996 459 4048 Paulli.
474 3997 526 4048 An.
538 3981 574 4047 U.
592 3993 658 4048 580.
702 3996 812 4065 Pighius
833 3994 925 4046 meluit
947 3997 1054 4048 coneilio.
1072 3997 1164 4070 Neque
1181 3997 1209 4052 id

141 4079 205 4133 Lis.
221 4077 305 4141 XLV,
323 4097 350 4146 7.
703 4073 947 4144 admodumplacet.
956 4073 1209 4132 Consiliosatiseom·

188 4165 217 4222 4.
229 4158 349 4210 Occurrit.
357 4155 540 4227 Amphipolim
549 4153 659 4208 ductum
703 4152 921 4225 modumquasi
933 4155 1003 4225 ipsos
1017 4155 1137 4210 homines
1149 4178 1211 4212 oon·

143 4236 180 4292 ad
196 4237 321 4294 Paullum
334 4249 463 4291 memorat
477 4237 591 4290 Ζοιιιιιιι
603 4238 660 4288 An·
703 4235 829 4289 saltantes
844 4253 874 4289 sc
886 4231 1061 4291 deliberantes
1073 4238 1210 4310 significet.

854 4401 857 4408 .
949 4315 1017 4388 22²
