3190 5122
270 526 378 596 CAP.
406 525 441 611 1,
468 525 537 592 DE
564 524 767 593 HUMAN.
796 523 860 592 ET
888 525 1045 594 CLEM.
1115 527 1191 614 345
1279 525 1283 538 '

127 660 189 728 tias
205 673 355 753 agerent,
373 671 407 728 et
428 657 510 726 ebrii
530 657 614 726 bene
633 672 857 751 precarentur.
880 659 932 728 Ab
949 659 1064 728 eadem
1083 660 1193 730 altitu·

127 766 204 836 dine
225 766 438 836 humanitatis
453 763 569 860 legatis
590 765 876 834 Romanorumad
892 765 1099 835 redimendos
1115 791 1193 862 cap-

127 873 213 941 tivos
226 887 334 942 castra
348 895 408 942 sua
421 872 626 967 petentibus,
648 896 715 965 quo
729 874 831 940 tritius
842 874 1007 960 venirent,
1023 877 1192 968 Lyconem

127 978 313 1048 Molossum
339 979 472 1048 obviam
496 981 607 1062 misit3
628 1003 695 1073 quo
715 979 926 1049 honoratius¹
948 982 1194 1075 exciperentur,

126 1087 197 1179 ipse
224 1112 301 1156 curn
322 1101 442 1156 ornato
465 1089 612 1180 equitatu
631 1100 723 1155 entra
742 1101 872 1181 portam
891 1089 1051 1172 occurrit3
1074 1113 1192 1156 secum

126 1192 245 1262 darum
273 1218 384 1264 rerum
411 1208 576 1288 proventu
597 1217 665 1262 non
692 1194 775 1263 adeo
803 1208 996 1289 corruptus,
1029 1207 1065 1262 ut
1092 1195 1193 1264 officii

126 1298 359 1394 prospectum²
375 1303 408 1370 in
422 1303 460 1370 iis
475 1301 673 1396 deponeret,
689 1303 746 1394 qui
762 1316 833 1369 tum
847 1302 987 1368 maxime
1003 1302 1102 1370 annis
1115 1327 1192 1370 oum

126 1429 169 1474 co
186 1405 396 1476 dissidebant.

182 1516 217 1596 li.
240 1514 345 1605 Cujus
366 1528 433 1580 tam
460 1513 547 1579 mitis
572 1513 693 1604 ingenii
714 1497 882 1581 debitum³
907 1513 1052 1582 fructum
1078 1512 1194 1583 ultimo

126 1618 186 1686 fati
204 1621 255 1688 sui
276 1632 426 1712 tempore
448 1619 587 1711 recepit;
607 1641 683 1686 narn
706 1643 807 1711 quum
826 1617 905 1688 din's
922 1621 1077 1712 auspiciis
1096 1621 1193 1713 Argi-

126 1749 247 1793 vorum
261 1725 431 1792 invasisset
446 1724 580 1810 urbem,
597 1711 861 1818 abscissumquel
878 1739 979 1819 caput
992 1727 1062 1817 ejus
1078 1724 1194 1820 Alcyo-

126 1856 227 1916 neus,
253 1832 410 1924 Antigoni
427 1832 513 1924 regis
528 1829 628 1916 filius,
654 1831 694 1900 ad
716 1845 842 1925 patrem
865 1834 1129 1925 propugnatione
1144 1831 1195 1901 la-

127 1921 333 2024 borantem⁵,
348 1935 440 2006 laetus
454 1936 545 2006 velut
562 1936 693 2031 aliquod
710 1937 933 2008 felicissimum
951 1939 1097 2008 victoriae
1111 1965 1194 2034 opus

127 2040 309 2131 attulisset,
336 2044 523 2138 Antigonus
548 2059 702 2140 correpto
734 2045 873 2138 juvene,
901 2043 990 2138 quod
1020 2047 1103 2113 tanti
1132 2047 1193 2116 riri

174 2253 199 2287 r.
228 2233 284 2303 Quo
311 2235 456 2288 honoratius.
484 2237 517 2288 ln
539 2237 639 2308 aliquot
683 2235 935 2308 atqueAntigonum
949 2236 978 2288 in
991 2255 1021 2291 ea
1037 2237 1103 2290 urbe
1118 2239 1189 2291 clau·

128 2315 313 2386 manuscriptt.
324 2329 363 2368 est
374 2321 492 2378 ornatius,
503 2329 531 2368 et
540 2317 568 2369 in
581 2336 639 2368 om·
682 2335 742 2369 snm
755 2335 905 2388 expugnare
918 2329 1071 2386 conaretur,
1079 2337 1141 2370 saxo
1157 2315 1190 2370 de

128 2396 209 2448 nibus
230 2396 286 2448 lere
303 2396 408 2467 seriptis
426 2409 452 2448 et
474 2395 552 2449 editis
575 2417 636 2469 quo,
682 2397 765 2448 muris
779 2397 845 2450 ictus
862 2396 970 2450 interiit·

127 2495 185 2528 non
194 2495 297 2548 quoque,
307 2473 381 2548 quod
389 2474 464 2530 dedit
473 2477 639 2548 Pighius—
724 2483 749 2540 4,
777 2477 967 2548 Abscissumqrre.
991 2478 1137 2532 Torrenius
1162 2491 1190 2532 et

127 2556 243 2625 Ipse......
260 2559 371 2608 occurrit.
388 2557 451 2626 Ejus
466 2559 546 2610 verba
562 2557 638 2610 nobis
681 2557 1190 2630 Kappiusadscisumque.Utrumquesae·

127 2655 160 2688 ex
175 2654 222 2688 ore
235 2636 315 2690 Ennii
330 2649 419 2690 narrat
436 2637 520 2690 Cicer.
536 2637 592 2690 Oll'.
609 2639 637 2701 1,
680 2637 801 2708 piuscule
811 2638 985 2702 commutari,
995 2637 1023 2690 in
1032 2639 1126 2710 vulgus
1139 2657 1187 2690 no·

131 2733 179 2781 υ,
200 2715 246 2786 qui
269 2717 326 2786 ejus
343 2717 499 2770 seutentiam
522 2719 638 2788 regalem
682 2729 749 2771 tum.

127 2808 155 2846 et
177 2793 345 2848 AEacidarum
367 2809 444 2868 gente
458 2795 566 2868 dignam
589 2817 637 2850 no·
722 2796 748 2850 5.
761 2798 957 2868 Propugrratr'ore
972 2797 1125 2850 laborantem.
1148 2797 1188 2850 Ita

128 2875 221 2928 minat.
681 2874 767 2928 edidit
783 2877 859 2948 Pigh.
878 2877 1006 2930 Nonnulli
1023 2875 1126 2930 codices
1141 2873 1187 2929 de-

172 2975 198 3007 a.
213 2954 298 3024 Officii
307 2969 464 3026 prospectam.
477 2957 551 3009 Nihil
565 2957 638 3010 aliud
680 2957 736 3009 lent
752 2969 911 3028 utrumque;
927 2957 1049 3010 nonnulli
1061 2957 1187 3009 omittunt

127 3053 209 3106 quam
219 3035 305 3086 officia
317 3037 440 3105 prustita.
456 3037 511 3090 Neo
525 3035 638 3090 dubium
681 3037 835 3088 laborantem.
845 3037 898 3089 Alii
910 3036 1009 3089 habent
1020 3047 1186 3106 propugnato·

127 3111 375 3183 est‚quindiueriut
381 3121 515 3187 prospicere
523 3115 636 3187 officiam,
680 3135 729 3167 rerrr
744 3115 905 3178 laborantem,
926 3115 1000 3188 quod
1017 3127 1087 3169 certe
1109 3133 1186 3168 seusu
1212 3175 1216 3182 .

127 3191 266 3266 quomodo
281 3192 547 3268 dixere2prorpicere
558 3197 637 3251 alicui
680 3215 735 3248 non
755 3209 844 3261 caret;
864 3209 903 3250 ast
922 3196 967 3249 alii
984 3207 1185 3267 propugnatorem

127 3275 240 3326 bonum
680 3277 807 3338 laborans,
832 3277 880 3330 ubi
908 3277 1021 3328 laborans
1049 3275 1186 3328 manifeste

172 3355 199 3406 3.
222 3353 297 3424 Cujus
298 3393 344 3407 .....
360 3355 636 3422 [warmatiensi.
679 3357 794 3410 otiosum
810 3369 866 3422 est,
888 3357 940 3409 nisi
955 3355 984 3409 id
999 3373 1061 3410 cum
1077 3355 1186 3426 Kappio

128 3434 225 3497 XXV,
235 3436 264 3498 ὅς
277 3435 348 3486 Plut.
360 3433 387 3486 in
401 3435 497 3487 rit—
508 3436 637 3490 Ultimo...
679 3437 811 3508 explicare
823 3437 889 3490 velis
900 3455 950 3508 per
958 3438 1091 3503 firstr'rrarrs,
1102 3435 1185 3486 celeri-

129 3524 243 3581 tempore.
266 3514 384 3584 Pyrrhus
406 3515 481 3567 Italia
499 3516 590 3588 pulsus
609 3518 637 3569 in
681 3529 717 3568 ter
731 3537 870 3584 accurrens,
889 3514 995 3570 dicendi
1011 3512 1092 3568 modo
1110 3513 1185 3568 valde

127 3591 247 3646 Siciliam
268 3594 373 3664 trajecit
397 3596 566 3661 exereitum,
591 3597 637 3649 ubi
680 3598 814 3651 inusitato.
832 3595 987 3649 Perizonius
1003 3595 1115 3665 conjecit
1129 3613 1186 3664 pru·

127 3672 217 3726 navali
236 3691 324 3744 pugna
345 3693 360 3726 a
379 3675 638 3747 Carthaginiensibus
676 3688 834 3747 pugnatores
852 3675 1017 3728 labarantiurr.
1034 3673 1185 3728 Gronovius

128 3763 289 3824 superatum,
312 3772 395 3825 quum
423 3757 456 3807 alr
480 3757 637 3828 Antigono,
680 3756 757 3810 Obss.
769 3759 820 3822 lv,
839 3754 950 3825 ¹9,legi
964 3753 1083 3806 malitad
1090 3767 1184 3826 patrem

127 3831 294 3885 Macedonia
307 3853 386 3905 rege,
407 3835 503 3888 auxilia
517 3855 572 3888 non
585 3837 635 3890 im·
676 3849 895 3907 propugnatorum,
919 3845 1050 3906 expuncto
1071 3834 1185 3885 laborari·

129 3924 269 3982 petresset,
278 3911 637 3980 Macedoniaminrasit,An·
681 3928 738 3976 tm,
750 3913 819 3966 utin
829 3911 965 3966 codicibus
980 3913 1080 3984 aliquot
1092 3925 1183 3967 exstat.

130 3992 303 4063 tigonumque
315 3992 420 4047 devicit.
435 3995 525 4048 Elatus
540 3994 637 4050 deinde
679 3993 775 4047 Seusm
793 4011 855 4046 sane
868 3991 1072 4065 percommodus
1091 4005 1148 4059 est,
1162 3993 1184 4046 si

129 4069 285 4126 Macedonia
306 4075 334 4126 iu
354 4073 485 4128 ditionem
502 4093 576 4128 suam
594 4095 636 4128 re·
679 4073 845 4126 Gronoviuru
872 4091 1020 4145 sequamur.
1040 4073 1184 4127 Torrenius

130 4148 222 4216 ducta,
241 4153 455 4226 Peloponnesum
470 4173 576 4228 quoque
595 4157 636 4208 iu·
679 4154 787 4226 conjicit
798 4165 999 4225 propugnatorem
1015 4154 1127 4210 atroam
1143 4154 1185 4206 ta-

129 4231 313 4287 resistamns
328 4253 411 4306 quum
425 4237 509 4308 Argos
520 4247 635 4308 peteret,
680 4247 729 4294 tus,
739 4248 767 4287 et
777 4253 835 4306 quse
846 4247 999 4305 sequuntur.
