3184 5132
358 519 427 592 152
543 519 771 589 VALERII
800 521 1008 588 ΜΑΧΙΜΙ
1040 521 1136 589 LlB.
1171 521 1222 588 II.

351 652 421 723 dies
438 653 539 747 virgis
558 675 674 738 caesos,
692 653 796 721 securi
811 653 938 747 percuti
947 652 1062 746 jussit,
1078 675 1260 747 eorumque
1275 675 1411 748 corpora

352 757 530 856 sepulturae
549 758 717 848 mandari,
735 773 941 854 mortemque
957 757 1061 854 lugeri
1079 760 1192 828 vetuit.

404 957 453 1010 DE
474 955 676 1010 DISCIPLINA
695 957 861 1010 MILITARI
881 957 1093 1010 Observare
1113 957 1158 1010 ΑΒ
1177 955 1363 1010 EXTERNIS.

413 1131 442 1178 1.
466 1109 601 1178 Leniter
617 1109 682 1178 boc
703 1121 813 1204 patres
831 1109 1025 1205 conscripti,
1047 1110 1074 1177 si
1094 1107 1411 1202 Carthaginiensium

354 1203 486 1285 senatus
504 1217 538 1284 in
561 1213 681 1284 militiae
695 1217 834 1312 negotiis
855 1215 1070 1310 procurandis
1091 1213 1280 1284 violentiam
1297 1215 1411 1282 intueri

354 1320 512 1406 velimus3
525 1346 544 1390 a
556 1347 622 1416 quo
635 1322 736 1390 duces
748 1321 832 1390 bella
846 1347 949 1416 pravo
961 1320 1099 1390 consilio
1114 1335 1279 1416 gerentes,
1291 1321 1412 1389 etiamsi

354 1451 513 1523 prospera
521 1427 655 1496 fortuna
670 1427 870 1522 subsequuta
879 1443 981 1514 esset,
998 1430 1088 1497 cruci
1097 1441 1207 1496 tamen
1220 1425 1412 1522 suffigeban·

355 1547 425 1602 tur:
438 1533 526 1630 quod
544 1535 627 1603 bene
641 1549 824 1630 gesserant,
837 1534 975 1603 deorum
989 1532 1224 1602 immortalium
1239 1531 1414 1626 adjutori03

357 1640 447 1734 quod
464 1639 549 1710 male
565 1641 813 1728 commiserant,
830 1643 976 1734 ipsorum
994 1637 1098 1734 culpae
1112 1643 1322 1733 imputantes.

413 1772 445 1816 α.
468 1745 667 1816 Clearchus¹
699 1772 796 1835 vero,
826 1745 1153 1816 Lacedaemoniorum
1175 1745 1259 1834 dux,
1287 1747 1415 1840 egregio

355 1851 445 1922 dicto
467 1851 672 1948 disciplinam
692 1852 813 1923 militiae
835 1853 1039 1939 continebat,
1061 1851 1238 1921 identidem
1259 1852 1416 1920 exercitus

357 1960 407 2028 sui
427 1959 560 2028 auribus
586 1959 799 2048 inculcando,
817 1984 836 2027 a
858 1958 1014 2028 militibus
1037 1961 1269 2053 imperatorem
1293 1957 1416 2053 potius,

357 2090 456 2160 quam
474 2065 619 2152 hostem,
639 2069 741 2136 metui
760 2065 888 2134 dehere.
911 2067 989 2156 Quo
1004 2079 1117 2160 aperte
1131 2064 1346 2134 denuntiabat
1364 2063 1413 2130 fu·

356 2185 490 2258 turum,
522 2185 560 2240 ut
590 2174 739 2268 spiritum
773 2199 878 2268 poenae
903 2171 1148 2266 impenderent,
1176 2195 1275 2266 quern
1302 2193 1420 2266 pugnae

357 2291 530 2370 acceptum
553 2278 638 2346 ferre
664 2277 902 2363 dubitassent²3
931 2279 1028 2374 idque
1051 2303 1070 2346 a
1092 2277 1175 2347 duce
1197 2278 1331 2372 praecipi
1352 2299 1416 2344 non

360 2381 582 2471 mirabantur,
611 2399 834 2457 maternarum
860 2369 1113 2453 blanditiarum³
1136 2408 1317 2466 memoreS,
1349 2407 1418 2476 quae

360 2472 504 2556 exituros
523 2514 579 2556 eos
597 2489 639 2557 ad
660 2489 873 2585 praeliandum
896 2491 1091 2576 monebant,
1112 2501 1149 2559 ut
1170 2504 1227 2557 aut
1248 2489 1316 2556 vivi
1344 2513 1417 2556 cum

361 2595 460 2662 armis
474 2595 507 2660 in
526 2610 738 2689 conspectum
754 2621 867 2664 earum
883 2599 1050 2683 venirent,
1065 2610 1122 2664 aut
1135 2597 1257 2664 mortui
1274 2597 1308 2662 in
1323 2595 1419 2662 armis

363 2807 465 2848 tantum
478 2795 606 2847 meminit.
620 2795 660 2848 Ex
676 2795 803 2848 sententia
820 2795 870 2850 Ca·
915 2796 1012 2848 omisso
1024 2808 1143 2866 acceptam
1150 2797 1229 2862 firre,
1240 2793 1313 2847 haud
1324 2795 1419 2848 incom-

364 2875 474 2927 sauboni
490 2875 597 2946 plurimi
607 2875 663 2927 sine
676 2873 759 2928 dubio
771 2875 798 2926 in
811 2873 872 2926 diu·
914 2874 1020 2927 modam
1038 2893 1093 2927 esse
1112 2875 1274 2946 pronuntiat.
1289 2875 1418 2928 Gesnerns

365 2967 441 3008 turns
460 2953 598 3008 obsidione
619 2956 769 3022 perierunt,
790 2955 827 3006 ita
843 2967 873 3008 ut
914 2955 943 3008 in
958 2955 1037 3008 Thes.
1056 2953 1087 3006 L.
1106 2955 1137 3008 L.
1158 2954 1208 3006 sub
1223 2971 1288 3006 voce
1301 2965 1417 3024 aceeptus,

363 3047 490 3087 restarent
506 3047 608 3087 tantum
623 3035 700 3088 CCC.
712 3067 751 3078 -
767 3035 872 3086 Eorum·
914 3036 1016 3106 egregie
1037 3045 1128 3087 monet
1150 3051 1158 3086 ε
1178 3033 1239 3086 Non
1257 3046 1324 3104 puto
1343 3031 1418 3106 qnid·

365 3119 545 3184 que...‚aetuir.
566 3116 712 3184 Tamquam
725 3115 870 3167 infamium.
915 3133 993 3185 quam
1008 3115 1052 3168 hic
1067 3111 1233 3167 mutandum.
1248 3113 1300 3183 Qui
1306 3115 1377 3184 fagit
1387 3117 1419 3164 ia·

408 3211 432 3246 t.
453 3193 590 3246 Clearchus.
607 3194 758 3266 Byzantinis
776 3194 873 3246 auxilio
916 3197 1047 3264 tempestive
1061 3213 1089 3244 ea
1100 3193 1199 3265 praelio,
1213 3191 1421 3265 illedubitatpn·

366 3273 472 3337 missus,
491 3271 588 3326 deinde
603 3291 696 3325 eorum
709 3287 844 3344 tyrannus.
915 3291 972 3344 gnae
992 3285 1127 3344 acceptum
1149 3273 1217 3326 serre
1238 3273 1374 3344 spiritum,
1392 3269 1419 3324 id

409 3373 433 3406 a.
453 3353 487 3405 Ut
500 3357 608 3424 spr'rr'rum
614 3392 669 3406 ......
678 3351 830 3405 dubitassent.
840 3350 873 3405 Id
916 3365 971 3418 est,
983 3365 1057 3424 putat
1066 3352 1230 3424 repugnando
1242 3371 1334 3406 serrare
1346 3356 1418 3403 niteas

367 3444 425 3498 est,
442 3445 472 3486 nt
488 3434 610 3505 spiritum
629 3443 655 3484 et
670 3431 750 3484 vitam
769 3432 796 3483 in
817 3451 873 3503 poe·
915 3437 960 3484 aia
975 3453 1004 3484 ac
1024 3454 1053 3484 ne
1072 3437 1117 3484 nia
1136 3433 1228 3506 quidem
1245 3451 1327 3503 posse,
1351 3450 1421 3502 quare

366 3529 427 3563 nam
439 3511 507 3584 fugae
525 3513 756 3581 statueremque
772 3511 873 3564 Iortiter
917 3513 1006 3566 mavrdt
1016 3513 1115 3582 pedibus
1128 3528 1198 3586 quam
1213 3517 1284 3564 armis
1302 3531 1368 3564 suam
1383 3514 1419 3562 ai·

365 3591 509 3660 pugnando
524 3611 626 3646 servare
642 3592 792 3644 noluissent.
803 3589 874 3644 Vide
918 3603 965 3644 tam
976 3592 1067 3646 debere.

367 3669 486 3724 FrontIn.
497 3671 547 3736 IV,
561 3689 585 3738 s,
597 3675 640 3726 16.
648 3671 741 3744 Magna
751 3683 874 3724 caeterum
958 3673 984 3726 3.
1000 3671 1191 3724 Matemamm..
1201 3710 1208 3723 .
1218 3671 1418 3724 ..blanditiam

368 3747 412 3800 hir.
424 3749 485 3803 lect.
500 3751 619 3805 varietas.
634 3749 776 3805 Perizonus
789 3751 871 3820 legit:
916 3749 949 3804 Id
969 3764 1020 3816 est,
1041 3751 1138 3824 quibus
1157 3763 1253 3804 matres
1276 3749 1422 3803 excitabant

368 3847 434 3898 quem
442 3833 514 3898 supce
529 3843 647 3902 acceptum
660 3835 726 3899 sem
746 3852 793 3883 non
805 3832 874 3884 dubi·
917 3829 950 3883 ud
956 3832 1079 3884 virtutem
1087 3831 1421 3902 abeuntes,quumaliarnm

370 3918 464 3960 lassent.
482 3909 587 3982 Sciopp.
603 3911 660 3964 vult
676 3930 683 3964 :
700 3923 816 3982 acceptum
836 3933 874 3964 re·
917 3913 1054 3965 nationum
1063 3909 1386 3978 matresblandiri,imrno
1396 3921 1422 3960 et

364 3987 439 4052 serre.
450 3987 561 4064 Torren.
572 3989 711 4044 lectionem
721 3990 787 4044 Cod.
797 3993 873 4045 Voss.
916 3992 1007 4063 lugere
1022 3993 1129 4046 soleant.
1146 3991 1196 4047 Cui
1212 4009 1266 4044 non
1289 3989 1377 4042 veniat
1393 3987 1419 4038 in

367 4085 435 4138 quem
441 4085 531 4138 pragae
540 4069 697 4133 dubitassent,
710 4069 786 4124 idest
796 4087 874 4143 quem
917 4085 1032 4124 mentem
1045 4075 1215 4127 Lacaenarnm
1223 4067 1293 4124 istud
1304 4087 1311 4121 ε
1321 4079 1423 4120 aurem

368 4143 530 4200 dubitassent
571 4147 723 4219 impendere
761 4169 874 4220 pugna,
919 4152 974 4216 doc,
988 4163 1031 4203 aut
1046 4155 1071 4204 ia
1086 4153 1151 4202 dor?
