3168 5124
219 449 313 516 CAP.
342 447 393 532 11,
421 445 483 512 DE
512 443 677 512 LIBERE
705 445 823 512 DICT.
852 444 944 514 AUT
970 443 1094 514 FACT.
1152 447 1228 533 423

148 580 305 672 juberet:
325 578 397 666 ille,
415 578 539 671 rejecto
554 575 688 663 lictore,
705 579 789 644 Non
803 601 841 644 es
850 574 872 664 ¹,
890 577 1015 672 inquit,
1033 579 1134 668 mdc,
1152 581 1230 651 Plu'·

152 688 264 784 lcppe,
282 687 419 773 consul,
440 689 525 779 quia
538 707 601 752 nec
618 707 683 778 ego
700 683 837 777 qur'clcm
854 682 918 752 tibi
934 700 1077 754 senator
1089 709 1173 756 sum.

209 793 241 864 3.
264 792 385 883 Quid?
402 790 563 888 populum
581 790 624 858 ab
642 793 778 859 incursu
796 815 857 860 suo
874 804 983 860 tutum
999 789 1134 862 libertas
1153 793 1227 863 reli·

150 899 250 996 quit?
267 903 370 969 immo
382 914 416 968 et
428 897 578 968 similiter
597 895 781 993 aggressa²‚
794 913 828 966 et
842 921 936 992 aeque
950 913 1086 992 experta
1099 902 1227 995 patien-

150 1023 220 1076 tem
235 1023 294 1076 est.
310 1010 347 1077 C.
366 1007 479 1076 Carbo
487 991 513 1092 ³,
526 1003 679 1074 tribunus
701 1003 824 1100 plebis,
838 1030 947 1100 nuper
964 1003 1099 1100 sepulte
1120 1011 1226 1078 Grac-

151 1115 268 1184 chunae
283 1113 452 1183 seditionis
470 1111 772 1182 turbulentissimus
788 1111 930 1198 vindex,
948 1111 1101 1207 idemque
1117 1117 1225 1184 orien-

150 1223 236 1289 tium
254 1220 400 1290 civilium
418 1218 584 1288 malorum
603 1217 656 1286 fax
677 1218 923 1306 ardentissima,
942 1221 977 1286 P.
997 1219 1190 1291 Africanum
1206 1245 1226 1290 a

149 1329 340 1397 Numantioe
358 1329 461 1396 ruinis
480 1346 704 1395 summorum
728 1323 840 1419 gloriae
860 1325 990 1420 fulgore
1010 1327 1221 1415 venientem,

149 1435 194 1502 ab
217 1436 287 1529 ipsa
309 1459 403 1530 poene
424 1447 523 1528 porta
544 1433 578 1498 in
599 1443 707 1500 rostra
729 1431 927 1526 perductum
947 1485 957 1518 ‚
977 1432 1064 1526 quid
1082 1433 1126 1501 de
1151 1435 1222 1503 Tib.

151 1542 305 1610 Gracchi
324 1556 455 1624 morte,
478 1539 573 1632 cujus
595 1561 742 1608 sororem
761 1539 795 1606 in
822 1539 1033 1608 matrimonio
1055 1538 1220 1630 habebat,

147 1653 305 1734 sentiret,
324 1647 561 1741 interrogavit3
587 1660 626 1714 ut
648 1647 846 1715 auctoritate
867 1644 1038 1716 clarissimi
1056 1634 1149 1727 viril,
1167 1649 1222 1716 in-

148 1753 272 1822 choato
299 1754 368 1846 jam
393 1753 546 1823 incendio
572 1751 715 1821 multum
740 1754 935 1822 incrementi
950 1753 1129 1846 adjiceret,
1145 1755 1223 1848 quia

147 1885 218 1928 non
236 1859 428 1948 dubitabat,
446 1861 526 1954 quin
545 1873 683 1956 propter
698 1874 767 1929 tam
786 1873 912 1929 arctam
928 1859 1144 1948 affinitatem,
1163 1859 1221 1929 ali-

147 1966 228 2059 quid
248 1991 311 2062 pro
330 1967 495 2037 interlecti
517 1967 691 2038 necessarii
708 1967 868 2037 memoria
887 1965 1118 2036 miserabiliter
1135 1981 1222 2036 esset

147 2070 365 2166 loquuturus;
388 2090 422 2143 at
441 2075 468 2144 is
474 2061 576 2167 jure⁵
590 2099 665 2143 eum
688 2097 814 2143 coesum
833 2073 945 2144 uideri
961 2073 1150 2168 respondit:
1165 2075 1220 2142 cui

146 2178 238 2248 dicto
258 2205 360 2274 quum
384 2166 527 2250 εοῐιοίο6
545 2181 720 2250 tribunitio
749 2181 860 2249 lurore
882 2181 1036 2250 instincta
1058 2177 1220 2249 violenter

147 2285 405 2374 succlamasset3
429 2290 602 2374 roceam,
629 2289 753 2381 inquit,
778 2285 900 2382 qrulrus
921 2287 1031 2357 Italia
1052 2286 1218 2356 noverca⁷

146 2491 200 2530 tom
208 2479 323 2549 graviter
330 2480 358 2532 in
368 2491 499 2543 senatum,
507 2475 579 2550 quod
590 2479 659 2532 Dru·
702 2477 749 2531 sed
760 2453 864 2531 vivebat
877 2475 1106 2532 adhucCaius.-
1114 2479 1216 2547 Asrs'ca-

145 2577 175 2609 so
190 2577 244 2612 non
259 2560 405 2624 resisteret,
419 2572 458 2612 est
475 2560 608 2622 invectus,
627 2572 659 2611 ut
701 2578 767 2612 num.
783 2559 837 2624 Qui
852 2569 962 2630 propter
971 2557 1040 2611 hanc
1049 2557 1083 2611 de
1092 2559 1215 2613 Graccho

145 2637 260 2691 diceret:
274 2639 326 2691 alio
339 2652 431 2692 senatu
444 2657 499 2692 esse
515 2657 598 2712 opus,
610 2639 657 2710 qui
701 2639 858 2692 sententiam
874 2638 996 2709 proxima
1009 2651 1087 2692 nocte
1102 2640 1130 2691 in
1144 2641 1217 2693 cubi·

145 2718 260 2789 reipubl.
273 2719 367 2773 melius
378 2719 535 2772 consuleret.
550 2718 602 2771 Cui
613 2738 656 2772 re·
700 2719 761 2772 culo
773 2738 821 2771 suo
832 2717 883 2770 fuit
894 2718 1080 2790 iuteremptus.
1089 2751 1130 2762 —
1139 2720 1214 2773 Soro-

144 2797 253 2869 spondit
270 2800 392 2868 Crassus,
409 2797 455 2854 sed
473 2799 656 2852 tentamentis
700 2818 756 2851 nm.
774 2798 969 2869 Semproniam.

144 2879 286 2950 agitatione
293 2892 488 2942 concussus‚ut
494 2879 589 2932 morbo
596 2896 655 2931 cor·
740 2885 766 2942 4.
782 2877 917 2931 Clarissimi
930 2880 988 2930 viri.
1005 2877 1126 2950 Uterque
1138 2878 1212 2934 Med.

143 2971 235 3029 reptus
247 2961 360 3030 septimo
376 2957 420 3012 die
433 2972 493 3031 post
505 2960 613 3030 periret.
699 2957 769 3010 Ultr.
790 2977 842 3011 sec.
862 2955 904 3010 ed.
921 2957 995 3029 Mog.
1010 2961 1157 3027 gravissimi.
1173 2991 1214 3002 -

188 3057 212 3091 ι.
234 3039 291 3091 Non
310 3060 372 3092 es...
393 3051 490 3090 senator
502 3059 562 3091 sum.
578 3037 654 3091 MSS.
698 3039 849 3090 Incrementi.
864 3037 981 3090 Multum
995 3039 1109 3091 auxisset
1118 3039 1213 3111 populi

143 3119 361 3190 complures‚noc
372 3131 419 3180 est,
429 3123 517 3190 inquit,
528 3118 654 3170 muselt-
697 3117 817 3170 furorem
832 3136 878 3170 suu
896 3117 1052 3172 auctoritate
1069 3117 1174 3190 Scipio,
1190 3120 1213 3172 si

143 3197 222 3269 lippus
240 3199 333 3260 comul,
356 3202 413 3270 qula
433 3218 475 3249 nec
496 3217 541 3268 ego
562 3198 655 3268 quidem
699 3195 849 3251 Gracchum
863 3197 945 3268 impie
958 3215 1055 3250 rossum
1070 3195 1187 3252 dixisset.

141 3290 307 3332 senatorsum.
317 3277 398 3332 Unde
411 3279 557 3330 Torrenius
571 3277 655 3348 conji·
740 3277 766 3330 5.
782 3277 849 3330 lure.
865 3273 936 3330 Vide
947 3275 1018 3330 Flor.
1030 3279 1085 3342 111,
1101 3283 1143 3340 ¹4·

142 3357 195 3425 cit,
206 3359 346 3412 Valerium
361 3359 493 3429 scripsisse
507 3376 514 3410 :
528 3357 585 3410 Non
601 3369 651 3418 est,
739 3361 765 3410 6.
788 3357 878 3412 Concae
957 3358 1131 3409 succlamasset.
1153 3355 1210 3411 MS.

142 3441 233 3510 inquit,
245 3441 303 3491 milri
312 3439 440 3510 Philqcpus
452 3438 550 3499 consul,
564 3441 603 3489 cui
612 3456 655 3489 nec
697 3435 830 3490 Perizouii
842 3449 868 3488 et
881 3435 922 3489 ed.
939 3449 990 3490 vet.
1007 3441 1158 3492 continue...
1173 3441 1211 3489 iss·

141 3538 187 3589 ego
201 3519 294 3590 quidem
306 3531 403 3570 serrator
414 3537 474 3570 sum.
696 3521 779 3569 stincti
779 3549 837 3572 ......
849 3517 1039 3569 succlamassent.
1055 3517 1211 3588 Copes.prrs

185 3617 210 3650 ι.
234 3601 367 3668 Aggressc.
387 3600 438 3652 An.
454 3596 489 3650 U.
508 3601 573 3652 62².
593 3595 652 3648 Liv.
698 3597 836 3659 tribunitio,
851 3595 1076 3668 tribunitia,quod
1088 3598 1209 3650 Perizon.

140 3677 204 3730 LIX
213 3699 220 3740 ;
230 3678 326 3731 Vellei.
338 3679 380 3745 Π,
390 3684 488 3748 4‚pag.
507 3677 539 3731 51
556 3689 653 3730 nostre
696 3677 812 3747 prefert.
821 3674 873 3729 Sed
881 3675 988 3741 vidvt,
996 3677 1046 3747 5,7
1057 3679 1129 3742 ;111,
1141 3681 1172 3742 8,
1182 3677 1209 3730 3.

140 3755 281 3822 editionis;
295 3757 468 3810 Aurelvict.
485 3755 532 3812 58.
546 3757 653 3808 -Ρα-
738 3775 765 3826 7.
793 3756 910 3810 Nouerca.
939 3753 1020 3822 Quod
1048 3776 1103 3810 non
1130 3757 1211 3828 magis

141 3841 244 3889 rientem.
256 3837 343 3890 Scilic.
357 3837 501 3909 populum
515 3855 574 3908 quse
586 3835 653 3889 mihi
697 3849 816 3890 amarent
838 3835 967 3908 petriam,
990 3854 1071 3908 quem
1092 3837 1209 3909 privigni

139 3918 218 3971 lectio
237 3917 331 3989 majori
352 3917 507 3970 auctoritate
524 3917 574 3969 niti
592 3917 652 3987 qui-
696 3934 838 3969 novercam
855 3929 862 3962 :
878 3917 919 3968 vel
935 3915 1007 3987 quod
1025 3935 1081 3968 nors
1097 3917 1210 3988 amplius

140 3995 200 4051 dem
215 3996 337 4064 videtur,
350 4017 429 4070 quam
438 4001 590 4068 potiendam.
696 3996 751 4048 veri
764 3997 834 4048 cives
845 4007 946 4065 essent,
955 4007 985 4048 ut
994 3997 1040 4066 qui
1052 3997 1081 4048 in
1091 3997 1209 4050 hostium

183 4080 208 4132 3.
231 4077 320 4132 Carbo.
336 4079 367 4134 C.
384 4077 506 4130 Graccho
524 4075 652 4130 amicissi·
696 4074 1210 4148 fuissentpotestate‚etScipionisarmis

141 4160 374 4232 snus-Sepulsae.
383 4160 470 4212 Morte
476 4159 518 4212 Ti.
527 4155 652 4220 Gracchi,
696 4155 725 4207 in
738 4156 887 4210 libertatem
899 4154 1034 4208 vindicati.

985 4225 1054 4332 η’ι
